1924 3132
325 164 453 201 scarriones,
467 164 578 192 EPISTOLAE
821 158 844 193 53

2 258 11 354 Ξ
59 300 95 339 per
109 296 195 333 manum
211 286 304 325 nostram
320 287 340 325 et
355 283 413 334 quod
431 285 484 325 ratio
495 283 611 332 dictaverit,
624 287 643 324 et
653 284 731 332 justitia
742 286 842 334 exegerit.

2 356 10 411 {3
58 355 112 395 Cum
129 351 199 399 itaque
213 350 239 390 ad
255 362 342 390 omnem
357 350 458 398 justitiam
474 350 631 399 exsequendam
647 362 697 399 erga
712 362 750 390 vos
765 353 786 390 et
794 362 843 400 erga

1 423 5 466 ζ
58 421 137 460 vestros
153 419 265 465 promptos
279 428 302 455 se
317 416 448 463 exhiberent,
465 418 579 465 praecepto
595 419 672 463 vestro,
689 417 743 456 sicut
762 416 842 463 dicunt,

58 483 118 526 vestri
134 482 249 522 servientes
264 493 370 521 annonam
387 482 492 522 Ecclesiae
507 481 564 531 apud
580 480 740 529 Castrumduni,
756 483 776 521 et
787 481 843 531 apud

1 539 9 592 f*
59 547 216 591 Bonamvallem
238 546 342 587 violenter
363 549 533 597 acceperunt-et
554 547 627 587 vinum
650 546 724 587 domni
747 546 843 587 Hilduini

58 613 148 657 cantoris
163 613 184 652 in
199 613 246 653 vico
261 613 400 657 coriariorum
416 613 534 659 saisierunt,
558 612 649 662 plurima
671 614 733 653 etiam
757 613 844 662 indigna

0 722 6 745 a
58 679 138 721 clericis
152 681 173 718 et
187 677 311 718 bominibus
325 690 399 718 eorum
416 678 538 718 intulerunt.
555 678 665 718 Postulant
681 679 752 727 itaque
774 678 843 718 clerici

0 750 5 797 ζ
57 756 140 787 summa
155 745 252 784 instantia
268 747 290 783 ut
305 745 325 783 in
340 745 423 784 civitate
439 747 459 783 et
474 756 511 792 per
530 747 599 784 totum
622 745 769 793 episcopatum
792 744 844 783 divi-

0 816 5 845 t
58 822 108 851 num
123 810 219 858 officium
235 809 367 856 interdicam,
384 809 452 849 donec
467 821 504 849 sua
525 809 633 858 recipiant,
657 821 711 858 quae
733 808 809 856 injuste
824 812 844 849 et

0 888 5 924 ,a
59 887 200 926 praepropere
214 874 253 915 sibi
270 886 315 914 esse
333 874 402 915 ablata
424 874 545 915 reclamant.
562 875 587 914 Et
606 875 656 924 quia
674 874 766 922 justitiae
785 875 844 915 dees-

0 926 3 932 ¹
58 954 79 982 se
94 952 137 980 non
153 951 249 989 possum,
266 940 369 989 postulavi
385 939 411 979 ab
427 941 457 980 eis
472 939 575 987 inducias,
594 952 646 989 quas
668 940 702 980 vix
724 941 843 989 impetravi,

1 1021 5 1058 ᾗ
59 1007 126 1046 donec
141 1005 167 1045 ad
182 1016 221 1045 vos
236 1017 291 1045 nunc
312 1006 374 1045 tertio
397 1006 510 1053 mitterem,
527 1008 547 1045 et
562 1005 589 1044 ad
611 1005 762 1054 corrigendum
785 1005 844 1054 quod

59 1081 168 1120 perperam
184 1070 263 1110 tactum
283 1072 321 1117 est,
342 1070 487 1110 excellentiam
512 1073 602 1110 vestram
627 1070 843 1111 commonefacerem.

58 1136 137 1175 Moneo
153 1136 223 1184 itaque
238 1137 259 1175 et
273 1136 370 1183 consulo,
387 1137 409 1175 ut
424 1136 505 1175 clericis
519 1147 557 1176 sua
572 1136 652 1176 restitui
664 1135 752 1182 faciatis,
764 1147 790 1175 ne
801 1138 843 1175 tam

59 1200 164 1250 praeclara
180 1200 272 1241 Ecclesia
288 1201 308 1240 in
323 1204 365 1241 tam
381 1202 458 1241 sanctis
474 1201 549 1241 diebus
564 1201 637 1241 divino
653 1202 747 1250 privetur
761 1200 843 1247 otticio,

59 1266 119 1307 etde
134 1266 194 1306 vobis
209 1278 220 1310 a
236 1266 400 1313 transeuntibus,
417 1267 501 1316 qualem
517 1279 559 1307 non
569 1266 653 1307 deceret
664 1267 783 1315 publicetur
798 1267 845 1315 opi-

59 1332 101 1371 nio.
119 1331 141 1371 ln
157 1331 294 1380 recuperabili
311 1333 367 1372 enim
383 1344 405 1371 re
420 1344 462 1372 non
478 1334 510 1372 est
524 1335 567 1372 tam
590 1344 691 1381 praeceps
713 1331 783 1372 danda
798 1343 854 1372 sen-v

0 1404 2 1449 ζ
59 1397 122 1437 tentia
133 1409 171 1437 nec
182 1397 336 1442 malevolorum
348 1397 467 1438 inordinate
474 1397 569 1438 satienda
580 1398 674 1438 saevitia.
683 1397 763 1438 Moneo
775 1397 845 1447 itaque

0 1480 1 1494 1
59 1465 78 1502 et
94 1463 168 1502 iterum
185 1474 264 1503 moneo
279 1464 381 1503 suadente
396 1463 522 1504 charitate...

108 1537 137 1573 m
151 1538 190 1582 162,
205 1539 244 1575 raa.

433 1662 474 1704 48.

112 1766 146 1805 lvo
163 1765 249 1806 Curnot.
265 1765 368 1806 Ludovicu
383 1766 429 1814 regi·
442 1766 578 1806 Francorum.

89 1847 92 1851 ’
113 1855 152 1903 Ep.
168 1855 232 1895 264...
249 1855 281 1894 De
296 1854 368 1895 divino
384 1857 454 1895 autem
470 1855 563 1902 servitio,
580 1867 591 1894 a
606 1867 648 1904 qua
656 1858 723 1896 mater
733 1855 846 1896 Belvacen-

60 1920 87 1959 sis
103 1918 222 1966 (Beauvaisl
238 1920 331 1960 Ecclesia
345 1932 448 1969 suspensa
463 1922 494 1960 cst
509 1918 545 1966 (ct.
557 1932 591 1969 ep.
607 1918 663 1967 266),
686 1921 799 1961 consilium
814 1933 846 1961 sa-

60 1996 110 2024 num
126 1985 177 2026 mibi
193 1985 280 2026 minime
295 1985 385 2035 videtur,
401 1986 450 2034 quia
462 1986 500 2026 iste
511 1986 569 2035 rigor
576 1985 625 2026 alibi
635 1986 722 2026 minime
731 1986 847 2026 servandus

60 2052 97 2097 est,
114 2050 152 2091 nisi
169 2050 204 2091 ubi
219 2051 281 2117 culpa
296 2051 408 2100 sacrilegii,
425 2047 459 2091 vel
472 2051 562 2091 violatae
584 2052 642 2100 pacis
664 2050 723 2092 aliter
745 2052 845 2092 vindicari

61 2127 103 2155 non
119 2118 196 2164 potest.

108 2190 138 2225 ni
153 2191 191 2236 102,
211 2191 251 2228 ano.

435 2315 475 2357 49.

113 2418 147 2458 lvo
163 2418 250 2459 Carnot.
268 2393 460 2468 Coponi-‘episcopo
475 2419 613 2459 Praenestino
624 2421 645 2459 et
653 2419 711 2460 sedis
721 2432 756 2469 up.
768 2419 846 2470 legato.

115 2507 153 2556 Ep.
169 2508 216 2548 260.
232 2508 290 2548 Sicut
304 2508 366 2548 visito
387 2509 526 2557 praesentiam
549 2510 639 2549 vestram
662 2521 700 2558 per
719 2509 812 2558 legatum
828 2512 848 2549 et

62 2570 146 2621 litteras,
162 2574 192 2613 sic
207 2574 313 2614 visitarem
329 2574 415 2623 propria
430 2585 528 2623 persona,
545 2574 584 2613 nisi
600 2574 669 2614 adbuc
689 2574 792 2615 detineret
814 2587 847 2614 me
923 2609 925 2611 .

62 2647 86 2675 ex
100 2637 164 2687 longa
180 2639 301 2679 infirmitate
316 2641 423 2679 contracta
438 2639 542 2679 debilitas.
555 2640 577 2678 ln
589 2640 662 2688 primis
673 2640 743 2689 itaque
754 2651 848 2690 suggero

62 2700 185 2751 simpliciter
199 2704 304 2744 incedenti
320 2706 400 2744 vestrae
415 2704 560 2752 sollicitudini,
577 2706 657 2744 utnon
677 2705 767 2745 credatis
789 2705 847 2745 omni
