1975 3157
134 174 157 207 42
380 180 472 210 oncnrrn
486 181 536 210 non.
550 181 677 210 nonrirxcun

96 318 97 321 ¹
135 312 208 340 eorum
230 302 257 349 et,
280 301 315 348 qui
338 312 360 340 se
382 301 511 340 monasticae
534 301 660 350 professioni
683 301 821 349 devoverunt,
844 302 920 343 ctausis
979 290 982 340 ἶ

135 365 270 406 ecclesiarum
285 365 361 413 januis,
378 378 421 406 non
441 366 539 407 admissis
560 367 687 415 diocesanis‚
710 368 793 408 divinae
815 369 921 409 servitutis

135 431 206 471 officia
221 431 327 472 celebrent
342 434 362 472 et
376 432 497 481 sepulturae
512 431 583 472 dehita
599 436 707 482 peragant.
979 426 980 435 ³

182 512 370 559 Pflugk-Horttung
385 513 390 548 l
404 515 427 550 59
440 524 467 549 nr.
475 513 508 558 oa;
523 513 596 550 dubitat
609 514 632 549 de
646 514 786 551 authenticitate
799 514 920 558 documenti3

135 571 158 607 iL
173 572 226 608 5563.
979 571 981 582 ”

510 714 565 757 168.

191 820 248 866 1095,
264 819 322 868 Sent.
338 820 371 859 12.
389 818 489 859 Urbanus
503 819 526 858 ΙΙ
537 819 664 859 monasterio
679 819 701 860 S.
717 819 805 868 Aegida·
822 818 862 866 (st.
875 820 921 860 Gil-
979 792 982 810 ᾗ

135 884 173 933 les,
189 884 210 924 d.
226 882 317 930 Nimesi.
979 884 981 899 ³

189 973 304 1014 Statuimus
319 974 381 1013 etiam
398 977 420 1014 ut
435 974 461 1013 de
476 976 546 1014 cetero
557 973 922 1023 nuliiarchiepiscopo'iiceatsuper

136 1041 228 1079 vestrum
253 1039 381 1079 coenobium
407 1039 439 1079 vel
463 1039 562 1079 abbatem
585 1050 670 1078 manum
696 1039 922 1079 excommunicationis

136 1107 171 1144 aut
186 1104 339 1144 interdictionis
354 1105 474 1144 extendere.

184 1185 214 1221 PL
228 1186 267 1230 151,
277 1185 323 1229 4253
338 1185 361 1221 IL
370 1185 422 1220 5577.

512 1331 566 1375 169.

192 1439 250 1485 1095,
267 1437 314 1478 Oct.
331 1439 352 1477 8.
370 1437 470 1478 Urbanus
484 1438 506 1477 II
525 1438 652 1478 monasterio
676 1438 776 1479 Omnium
798 1437 923 1479 Sanctorum

137 1502 298 1553 (Allerlzeiligen
314 1503 336 1543 in
356 1501 532 1553 Schoffizausen).

190 1593 223 1633 nd
238 1593 290 1633 haec
304 1593 415 1640 adicimus,
432 1595 454 1633 ut
469 1593 520 1633 nulli
538 1594 689 1643 episcoporum
712 1593 800 1634 facultas
821 1594 855 1641 sit,
878 1594 923 1634 sine

137 1659 226 1702 Romani
243 1659 350 1708 pontificis
364 1659 448 1699 licentia
462 1659 509 1700 Loca
524 1661 592 1700 vestra
603 1659 635 1700 vei
653 1659 771 1700 monachos
781 1659 923 1700 interdictioni
981 1657 985 1713 {3

137 1724 169 1765 vel
184 1725 399 1765 excommunicationi
415 1724 519 1765 subicere.
981 1715 983 1718 ’

185 1805 266 1848 Queiien
279 1816 312 1841 zur
325 1804 431 1841 Schweizer
444 1805 564 1842 Geschichte.
577 1807 588 1842 3
602 1806 636 1842 Bd.
654 1806 690 1842 Die
709 1807 798 1843 aeitesten
819 1806 924 1843 Urkunden
981 1794 984 1854 ξ’

136 1876 174 1902 von
188 1865 322 1911 Alierheiiigen
335 1864 354 1900 in
371 1864 515 1910 Senannansen
536 1866 621 1904 Rheinau
635 1876 653 1902 u.
667 1866 723 1902 Muri.
743 1866 771 1902 ed.
788 1866 809 1902 L.
823 1867 924 1902 aanmann
981 1867 985 1908 ζ»

136 1924 596 1972 (Basei1883ip.50;Pflugla·Harttung161
612 1937 639 1962 nr.
652 1925 687 1970 633
707 1925 776 1975 Mansi
787 1926 822 1962 XX
835 1925 882 1969 isso,
901 1925 924 1961 IL

136 1985 194 2028 55803
208 1984 332 2029 Brackmann,
347 1984 451 2021 Germania
465 1984 562 2029 Pontif.ll
576 1986 587 2021 2
600 1983 663 2030 (1927)
683 1986 709 2021 14.
981 1981 983 1993 ³

513 2137 568 2180 170.

193 2243 250 2282 1095.
269 2241 368 2282 Urbanus
382 2242 405 2281 ΙΙ
418 2241 577 2282 &numeranda
593 2240 722 2281 Castellionc
737 2239 873 2288 (Cantillon).

141 2342 143 2344 ·
191 2331 338 2372 Venerabiiem
354 2331 439 2371 tratrem
455 2334 551 2371 nostrum
566 2330 727 2371 atrebatensem
743 2329 822 2378 (Arrasi
843 2331 924 2380 episco·

138 2409 189 2446 pum
204 2396 231 2437 ad
245 2397 360 2437 concilium
373 2397 493 2436 venientem
503 2399 524 2436 te
534 2397 616 2445 cepisse
627 2396 755 2443 audivimus,
767 2399 787 2436 et
797 2408 834 2436 cur
844 2397 926 2445 ceperis
985 2418 988 2452 5

138 2463 252 2512 plurimum
269 2463 377 2503 miramur.
394 2462 437 2504 Rex
452 2462 508 2502 enim
524 2462 653 2502 Francorum
669 2473 712 2502 non
726 2461 797 2502 solum
813 2463 884 2501 venire
899 2461 925 2501 ad

138 2540 177 2568 nos
199 2527 309 2568 aliosnon
326 2527 431 2576 prohibet,
448 2528 599 2567 verumetiam
622 2526 722 2567 omnibus
743 2538 794 2567 suae
816 2528 931 2575 potestatis
984 2550 986 2560 i

137 2593 244 2642 episcopis
259 2595 280 2633 et
294 2592 406 2633 abbatibus
417 2594 488 2633 venire
498 2593 524 2632 ad
535 2592 649 2632 concilium
661 2589 766 2633 licentiam
780 2592 846 2632 dedit.
863 2592 925 2632 Unde
986 2632 988 2640 ,

138 2658 211 2699 litteris
226 2661 246 2698 te
261 2658 407 2707 praesentibus
423 2660 445 2698 nt
459 2661 545 2707 captum
566 2669 730 2698 commonemus
745 2658 870 2706 episcopum
887 2668 926 2706 pro
984 2687 987 2707 ς,

138 2725 254 2764 reverentia
269 2723 293 2764 Β.
310 2724 365 2764 Petri
381 2736 405 2764 ac
420 2726 495 2764 nostro
510 2735 582 2764 amore
598 2735 646 2763 cum
662 2724 706 2763 suis
720 2723 824 2764 omnibus
835 2723 925 2764 liberum
984 2718 986 2740 ³
