1924 3132
306 176 434 212 senrnroans,
448 175 559 203 epistotae
803 165 825 200 43

41 307 79 346 hus
93 300 144 345 suis,
161 298 270 345 requisivit
291 296 374 336 veniam
397 282 453 344 apud
470 294 599 334 Landavium
622 292 745 333 lacrimabili
762 292 826 332 devo-

41 372 97 411 tione
111 363 174 405 simul
190 366 210 402 et
224 362 304 402 familia
323 364 434 410 segregata
449 373 461 400 a
483 359 653 400 Christianorum
669 359 790 403 consortio;
807 360 827 397 et

41 433 109 475 audita
124 429 169 477 ejus
185 419 254 476 prece',
270 429 291 466 et
305 426 353 465 data
368 425 407 466 sibi
423 425 484 465 venia
499 425 561 464 simul
573 427 592 463 et
603 423 682 463 tamilia
692 423 763 471 juncta
777 434 825 462 cnm

2 487 9 531 3
42 494 154 549 penitentia
169 493 296 533 canonica...

4 559 9 571 ²
74 552 265 612 *nannai-staats
279 573 355 615 1205s3
365 572 428 608 nansi
442 572 485 607 xix
495 572 535 607 an.

415 719 455 761 33.

0 817 9 892 Ξ
26 878 28 881 ,
95 839 153 878 1077.
169 837 267 884 Sanetus,
284 836 455 885 Arogonensiurn
465 837 486 875 et
506 834 701 884 Pompilonensv'run
716 847 751 874 rev
764 831 827 880 (Son-

0 892 8 964 a}
41 905 78 945 ciro
91 899 206 950 Rumina),
220 901 347 942 monasterio
362 900 437 941 Sancti
450 892 553 940 lobannis
564 897 617 947 (Son
628 901 681 939 lrron
692 899 718 940 de
727 900 749 939 lo
759 896 827 946 Pelio)

0 975 8 999 a
41 968 173 1020 privilegium
192 967 329 1016 exemptionis
344 979 357 1006 o
375 963 526 1017 surisdictione
547 966 690 1015 episcoporum
711 965 779 1005 derzno
801 964 828 1004 ab
896 964 898 967 ’

0 1053 6 1096 Ρ·
41 1032 162 1074 Alexandro
176 1033 198 1071 ΙΙ
210 1034 317 1081 procurat.
835 1041 838 1044 ·

3 1163 6 1176 Ρ
95 1120 231 1162 ...monachis
246 1121 285 1161 sub
301 1121 374 1169 regula
389 1121 446 1160 Beati
464 1120 571 1160 Benedicti
587 1120 615 1160 ibi
631 1120 678 1159 Deo
689 1119 828 1160 militantibus

0 1209 6 1239 3
42 1188 146 1228 libertates
161 1188 181 1226 et
197 1186 306 1235 privilegia
322 1188 342 1225 et
357 1185 448 1233 decreta,
460 1197 501 1234 que
516 1185 579 1226 habet
594 1185 735 1226 Cluniacense
755 1196 828 1225 mona-

42 1253 135 1298 sterium,
152 1251 178 1291 de
193 1253 253 1301 cujus
268 1251 402 1291 sanctissimo
426 1251 485 1291 ionte
500 1250 534 1290 hic
555 1250 617 1291 Ordo
640 1251 697 1290 Beati
720 1250 827 1290 Benedicti

43 1317 146 1358 emanavit
161 1316 197 1363 ibi.
213 1319 234 1357 et
258 1316 363 1357 confirmo
388 1317 418 1356 eis
440 1316 624 1365 quemadmodum
649 1315 828 1356 confirmaverunt

0 1375 5 1435 ξ
43 1385 110 1431 patres
121 1382 170 1428 mei,
187 1384 216 1429 ut,
233 1382 287 1422 sicut
302 1380 453 1421 Cluniacenses
468 1383 517 1421 sunt
531 1380 591 1421 liberi
606 1380 633 1420 ab
648 1381 706 1420 omni
723 1381 776 1429 jugo
791 1379 828 1420 lru·

0 1490 3 1505 Ρ
43 1459 102 1487 mane
117 1447 230 1494 servitutis,
247 1448 274 1486 ita
289 1449 310 1486 et
325 1446 353 1485 illi
369 1447 417 1493 sint,
434 1446 527 1486 debitam
543 1449 624 1486 tantum
644 1445 711 1485 modo
722 1448 829 1486 servantes

43 1512 178 1552 reverentiam
194 1511 318 1561 Apostolice
333 1511 389 1559 Sed,
401 1514 424 1552 ut
438 1511 497 1551 liberi
514 1514 534 1551 et
548 1512 639 1561 expediti
651 1511 734 1551 valeant
742 1523 829 1551 exorare

43 1577 209 1617 misericordiam
225 1578 272 1617 Dei.

0 1693 4 1710 Ρ,
88 1657 191 1694 Coleccidn
205 1658 229 1694 de
243 1658 370 1694 documentos
384 1669 428 1703 para
442 1659 458 1694 el
468 1658 543 1693 estudio
557 1659 581 1694 de
591 1659 608 1694 la
618 1658 702 1694 Historia
712 1659 736 1694 de
745 1658 829 1703 Aragon.

44 1718 105 1753 Tomo
119 1717 149 1752 lll.
164 1717 296 1753 Documentos
310 1718 490 1765 correspondientes
500 1718 516 1752 al
525 1718 603 1753 reinado
617 1718 641 1753 de
654 1717 730 1754 Sancho
745 1717 829 1756 Ramirez

0 1776 3 1805 ἲ
44 1776 150 1822 (Zaragoza
170 1775 223 1821 1907)
236 1778 271 1820 333
284 1776 307 1812 ci.
321 1788 339 1822 p.
352 1778 375 1812 45
389 1778 407 1813 et
423 1778 461 1812 148.
474 1796 498 1810 r
511 1777 561 1813 inter
580 1777 677 1823 privilegia
698 1776 829 1814 Cluniacensis

0 1877 1 1889 Ρ
43 1836 149 1871 monasterii
163 1836 270 1872 continetur
283 1836 393 1872 immunitas
407 1837 430 1872 ab
445 1836 550 1872 interdicto.
758 1838 760 1841 '

418 1984 457 2026 34.

96 2101 154 2141 1079,
174 2100 221 2140 Vr'to
235 2100 258 2141 S.
270 2100 376 2141 Stonisloi
390 2101 483 2150 episcopi
494 2101 647 2150 Crotoniensis,
658 2103 742 2142 ouotore
752 2103 830 2142 Ioanne

42 2164 136 2214 Longino
151 2178 188 2205 sen
203 2166 308 2215 Dlngosz,
326 2165 433 2207 Cononioo
450 2166 585 2219 Crocoviensi
601 2164 685 2215 (1465).

96 2254 140 2294 Lib.
157 2255 164 2293 Ι
180 2267 198 2294 c.
214 2255 260 2295 ΧΗ.
277 2255 359 2295 Deinde
376 2253 503 2305 [Gregorius
518 2253 563 2305 Vll]
580 2256 702 2297 Gneznensi
721 2256 830 2306 Archiepi-

42 2330 108 2368 scopo
124 2320 186 2360 Petro
201 2323 221 2361 et
232 2321 335 2360 universis
351 2321 456 2361 Ecclesiae
477 2321 579 2362 Poloniae
602 2322 714 2371 Episcopis
736 2323 794 2363 dedit
810 2324 829 2362 in

43 2385 153 2432 mandatis,
170 2388 274 2434 quatenus
289 2386 310 2425 in
326 2387 480 2426 execrationem
497 2389 516 2426 et
531 2399 623 2435 poenam
643 2377 726 2436 patrati
740 2400 777 2437 per
792 2388 830 2430 Re-

42 2461 90 2497 gem
106 2453 126 2491 et
136 2451 214 2491 Milites
225 2451 338 2501 parricidii,
351 2452 486 2492 interdictum
498 2464 535 2501 per
547 2453 666 2493 universam
678 2452 829 2494 Gneznensem

43 2514 179 2556 observarent
195 2517 337 2565 provinciam:
361 2520 381 2558 et
403 2520 445 2558 tam
469 2518 512 2560 Rex
534 2518 644 2558 Boleslaus
666 2530 729 2567 quam
752 2519 830 2559 Milites

42 2580 126 2621 sceleris
141 2582 260 2640 participes*
269 2585 290 2622 et
300 2583 387 2630 conscii,
400 2583 476 2623 diebus
487 2583 606 2624 Dominicis
617 2586 638 2624 et
648 2584 728 2624 festivis
743 2585 830 2634 pulsatis

42 2643 150 2696 campanis
165 2650 185 2687 et
199 2640 293 2688 candelis
308 2650 402 2689 accensis
424 2649 508 2698 publice
523 2652 543 2690 et
564 2650 680 2690 solenniter
702 2651 829 2691 nominatim

43 2713 62 2750 et
73 2724 171 2762 expresse
182 2713 356 2754 denuntiarentur
366 2715 470 2755 interdicti
482 2717 502 2755 et
512 2715 694 2755 anathematizati:
709 2717 830 2756 universum
