1924 3132
299 149 392 179 neonem
406 149 456 179 nou.
470 148 598 177 eouriercuu
819 139 843 175 47

55 269 168 316 audientia,
186 268 339 325 interdictionis
353 271 389 308 aut
404 267 630 308 excommunicationis
646 267 666 306 in
681 267 752 307 locum
773 267 842 316 ipsum

55 334 131 374 audeat
151 333 245 383 proferre
264 334 398 374 sententiam.

103 408 195 446 Analecta
209 409 255 445 luris
269 408 363 446 Pontificii
376 408 393 444 X
407 407 469 453 (1869)
483 408 527 451 552;
540 408 563 443 u
577 407 628 443 5658.

429 525 483 567 184.

112 617 169 665 1096,
181 617 221 658 lul.
230 618 267 657 22.
284 616 384 657 Urbanus
392 617 547 657 Ilmaaastario
564 616 587 657 S.
600 615 689 665 Aegida·
704 614 842 662 (sa-oilae).

110 701 160 741 Post
175 701 227 741 haec
243 701 327 740 divinae
342 700 456 740 uoluntatis
471 700 612 749 dispositione
622 702 691 739 actum
703 702 742 747 est,
755 702 777 739 ut
787 699 844 748 apud
893 733 895 737 ,

56 767 80 806 Β.
95 766 180 815 Aegidii
196 766 356 812 monasterium,
372 765 471 805 basilicae
486 777 554 805 novae
569 777 626 805 aram
644 766 786 814 omnipotenti
797 764 844 804 Deo

56 832 133 872 nostris
144 831 242 871 manibus
260 831 386 871 dicaremus.
403 830 514 870 Sanximus
530 831 594 880 igitur
603 833 624 870 et
633 831 748 877 sancimus,
761 830 845 879 nequis

56 897 143 936 ulterius
167 895 341 945 archiepiscopus
355 896 527 944 aut-episcopus,
549 895 650 936 aduersus
669 895 758 935 eandem
779 895 844 935 eccle-

55 964 108 1002 siam
124 961 201 1001 audeat
217 961 445 1010 excommunicationis
460 963 495 1001 aut
510 961 664 1001 interdictionis
689 961 783 1009 proferre
798 972 845 1000 sen-

56 1028 151 1073 tentiam,
174 1029 278 1075 quatenus
298 1026 354 1066 idem
373 1026 526 1066 monasterium
542 1027 648 1074 exipsius
666 1025 689 1066 Β.
705 1025 845 1075 116ςί11ῑί111-

57 1093 137 1133 ditione
145 1094 229 1132 sancfae
240 1091 348 1134 Romanae
360 1091 465 1131 Ecclesiae
473 1090 512 1138 juri
522 1092 609 1140 proprio
620 1091 738 1138 subditum,
750 1091 845 1133 Romane

56 1169 141 1207 semper
163 1157 264 1197 libertatis
279 1157 346 1206 gratia
361 1157 487 1205 perfruatur.

105 1231 136 1268 PL
150 1233 189 1275 151,
202 1232 246 1274 477;
261 1231 284 1267 lL
296 1231 349 1267 5659.

432 1341 486 1385 185.

104 1435 171 1482 1096,
186 1435 227 1475 lul.
243 1436 280 1474 22.
298 1435 398 1475 Urbanus
413 1435 435 1474 II
447 1435 554 1475 canonicis
572 1434 707 1485 (Angustia.)
723 1435 745 1475 ia
760 1435 847 1475 ecclesia

57 1500 120 1541 Beati
133 1500 247 1541 Saturnini
263 1500 350 1540 Tolosae
365 1498 495 1545 (St-Seruio
510 1500 536 1540 de
553 1499 670 1546 Toulouset,

112 1583 222 1623 Praeterea
237 1584 338 1632 quoniam
355 1582 460 1632 largiente>
476 1583 571 1623 Domino
586 1584 641 1623 beati
657 1584 762 1624 Saturnini
781 1585 846 1624 eccle-

58 1650 110 1689 siam
127 1650 204 1689 nostris
224 1648 322 1688 manibus
342 1650 521 1695 consecravimus,
538 1652 558 1689 et
572 1651 681 1689 sanximus
696 1652 716 1689 et
731 1651 845 1696 sancimus,

58 1715 143 1764 nequis
154 1714 273 1763 Episcopus
283 1718 317 1754 aul
329 1713 508 1763 Archiepiscopus
519 1715 564 1753 sine
575 1717 646 1754 nostra
655 1715 687 1754 vel
699 1716 769 1764 Legati
781 1716 846 1755 nostri

59 1780 165 1820 audientia
188 1779 342 1820 interdictionis
356 1779 388 1819 vel
405 1780 632 1819 excommunicationis
647 1781 667 1819 in
683 1780 753 1820 locum
772 1780 847 1820 audeat

59 1846 154 1894 proferre
168 1845 303 1885 sententiam.
675 1838 677 1840 ’

106 1919 173 1955 Baluz.
187 1919 267 1955 miscell.
281 1919 296 1954 11
311 1920 354 1963 1763
369 1919 399 1954 Pl.
413 1920 452 1963 151,
465 1920 510 1963 418;
528 1920 551 1955 11.
564 1918 617 1956 5666.

433 2042 488 2084 186.

115 2135 172 2183 1096,
188 2135 229 2176 Iul.
244 2136 281 2175 30.
300 2135 400 2175 Urbanus
414 2135 436 2174 II
450 2135 557 2175 Guilelmo
567 2135 641 2175 abbati
649 2136 774 2176 manasterii
785 2135 812 2176 0.
824 2136 847 2176 S.
876 2189 878 2191 Ι

59 2201 85 2241 B.
101 2200 160 2251 apud
172 2201 268 2241 Moralem
282 2201 388 2250 MaJorem
404 2199 566 2251 (Mautmajour,
582 2201 603 2241 d.
619 2199 699 2248 Artes).

114 2284 189 2325 Missas
199 2296 250 2324 sane
262 2283 357 2333 publicas
368 2285 388 2324 in
399 2284 476 2324 eodem
488 2285 617 2324 monasterio
629 2297 667 2333 per
676 2286 802 2333 episcopum
815 2296 848 2324 ce·

57 2349 144 2397 16111611,
160 2350 262 2390 stationes
276 2349 330 2396 fieri.
347 2353 382 2390 aut
397 2350 542 2390 ordinationes
553 2350 633 2399 aliquas
644 2353 726 2399 praeter
737 2349 818 2390 abbatis
829 2352 849 2390 et

59 2416 147 2456 fratrum
163 2415 293 2456 voluntatem
310 2416 388 2455 institui
405 2415 555 2464 prohibemus;
571 2416 604 2455 cui
620 2416 682 2455 etiam
694 2416 781 2455 facultas
792 2415 849 2454 nulla

60 2481 87 2522 sit
101 2481 146 2521 sine
161 2481 250 2524 Romani
267 2480 377 2521 Pontificis
389 2484 427 2521 'aut
441 2481 504 2530 legati
520 2481 565 2528 ejus
580 2481 686 2521 audientia
704 2493 767 2531 saepe
782 2481 848 2520 fatum

60 2547 148 2594 Maioris
159 2568 166 2574 -
177 2548 256 2586 montis
267 2548 420 2587 monasterium
436 2548 650 2587 excommunicationi
662 2547 694 2587 uel
706 2547 847 2587 interdictioni

61 2612 172 2660 subjicere.

108 2686 200 2723 Analecta
214 2686 260 2722 luris
274 2686 368 2722 Pontificii
382 2687 398 2723 X
412 2686 474 2732 (1869)
487 2687 531 2730 5563
546 2687 568 2723 IL
581 2687 633 2728 5664,
