1975 3157
84 207 86 211 Α
143 161 166 195 30
394 167 487 197 Ducam
501 168 550 198 Rom.
564 167 692 197 PONTlFlCUM

144 286 233 326 electum
250 288 270 326 in
286 286 360 326 eadem
376 286 464 326 ecclesia
479 287 596 335 apostolica
607 274 731 327 auctoritate
741 286 857 326 firmatum.
868 286 932 326 Inter-

144 352 234 391 dicimus
249 352 290 391 hoc
305 351 380 399 modo,
396 354 419 391 ut
428 364 440 391 a
450 351 562 392 festivitate
573 351 594 391 S.
604 351 704 392 iohannis
712 353 732 391 et
743 352 843 400 deinceps
854 353 931 392 mortui
986 392 988 395 Α

144 417 202 456 nullo
218 417 284 456 modo
299 417 436 465 sepeliantur,
452 429 500 457 cum
519 418 572 457 vivis
593 419 684 457 scienter
705 417 775 456 nullus
797 416 931 457 christianam

144 484 319 523 communionem
336 482 419 530 habeat,
436 482 562 532 nullumque
577 483 673 522 divinum
688 482 784 540 officium
801 482 821 522 in
837 482 932 523 ecclesiis

144 548 189 594 liat,
206 550 288 597 praeter
304 559 419 596 puerorum
434 548 573 597 baptismum,
589 549 606 587 si
622 548 697 587 mortis
712 548 743 587 vel
759 547 868 597 languoris
886 547 934 588 illos

145 614 255 662 agitaverit
270 613 396 662 periculum.
413 613 472 653 Haec
488 613 536 653 ideo
552 613 649 660 tacimus,
666 614 715 662 quia
732 613 866 662 conspirasse
886 613 934 653 illos

145 678 171 718 ad
187 679 352 718 destructionem
368 678 469 719 ecclesiae
484 690 532 718 cum
548 679 618 719 alteris
636 679 695 728 regni
718 679 779 718 vestri
803 678 934 728 principibus

145 744 250 791 videmus,
267 756 322 793 quos
336 744 406 783 adlruc
421 745 548 784 nominatim
564 756 607 783 non
623 745 769 793 exprimimus,
785 744 821 793 qui
839 744 933 793 gladium

145 808 167 849 S.
183 809 238 849 Petri
254 812 274 849 et
288 810 387 850 virtutem
402 809 423 850 S.
440 808 530 859 Spiritus
546 810 572 849 ad
588 812 713 858 perpetuam
729 809 838 849 infamiam
854 812 874 849 et
884 821 934 849 con·

146 875 252 915 fusionem
267 886 327 915 suam
337 876 478 924 experientur.
490 876 522 915 Ne
531 874 644 915 confidatis
655 876 675 915 in
684 876 779 921 victoria,
789 875 824 924 qui
832 874 933 922 justitiam

147 940 267 989 reliquistis,
284 952 332 980 cum
348 942 449 990 scriptum
465 942 503 980 sit:
521 941 615 980 Primum
632 941 726 989 quaerite
741 951 830 989 regnum
851 940 898 987 Dei,
915 944 935 980 et

146 1006 246 1053 justitiam
263 1005 315 1053 ejus,
332 1009 352 1046 et
366 1006 418 1046 lraec
429 1008 501 1046 omnia
509 1005 635 1053 adjicientur
643 1005 714 1046 vobis!
731 1006 763 1045 De
772 1017 815 1054 quo
826 1005 935 1045 confidere

147 1072 245 1120 possetis,
261 1072 278 1110 si
295 1071 341 1120 plus
356 1083 450 1111 crescere
468 1083 557 1120 regnum
581 1071 620 1111 Dei
643 1083 707 1120 quam
731 1068 821 1111 vestram
844 1071 934 1120 gloriam

147 1137 283 1185 quaereretis.
300 1135 407 1182 Quaeritis
429 1138 485 1176 enim
508 1149 562 1185 quae
582 1139 650 1176 vestra
670 1139 725 1183 sunt,
749 1148 792 1176 non
814 1148 868 1185 quae
889 1137 935 1176 lesu

148 1201 235 1242 Christi.
252 1202 276 1241 Et
291 1203 340 1251 quia
356 1203 436 1242 irritum
452 1202 531 1242 lecistis
547 1203 670 1242 mandatum
688 1202 734 1249 Dei,
751 1204 771 1242 et
793 1199 934 1250 aposlolicum

148 1270 285 1316 praeceptum
301 1270 388 1316 propter
403 1268 534 1307 seductionis
542 1270 588 1307 et...
598 1267 711 1307 hominum
720 1268 837 1306 animarum
848 1278 936 1316 pereun-

148 1334 200 1372 tium
216 1334 341 1381 sanguinem
357 1332 415 1372 Deus
430 1345 442 1372 a
457 1344 521 1372 manu
532 1337 600 1372 vestra
611 1333 711 1381 requirat.
721 1333 767 1372 Nos
775 1343 827 1381 ergo
836 1334 936 1372 exeuntes

129 1398 175 1437 >de
190 1398 273 1438 civitate
288 1398 406 1438 excutimus·
422 1398 530 1447 pulverem
553 1398 632 1447 pedum
657 1401 779 1438 nostrorum
803 1398 823 1437 in
842 1399 936 1437 testimo·

149 1464 207 1502 nium
223 1474 287 1512 super
302 1474 348 1502 vos.
986 1491 987 1494 ,

196 1538 284 1574 Murtdue
296 1539 314 1574 et
325 1538 414 1581 Durauci,
426 1539 467 1575 Vel.
481 1537 547 1584 Script.
561 1539 617 1583 ampl.
631 1537 679 1574 Coll.
694 1538 699 1573 l
713 1539 757 1581 1973
767 1538 837 1574 Mopsi
848 1538 883 1573 XX
893 1538 937 1582 549,
986 1538 987 1541 ’

104 1576 107 1579 ⁴
149 1608 210 1643 nuper
222 1598 274 1634 Paul
285 1597 341 1642 Kehr,
356 1598 453 1644 Papsturlr.
467 1599 485 1634 in
499 1598 588 1645 Spanien,
603 1599 624 1634 ll.
638 1599 722 1634 Navarra
735 1598 773 1634 und
789 1598 866 1644 Aragon
875 1597 937 1643 (1928)
986 1611 988 1623 ³

149 1658 184 1694 205
197 1658 246 1693 hanc
259 1658 359 1703 epistolam
372 1658 439 1693 ilerum
449 1658 552 1703 publicavit
561 1668 643 1703 eamque
652 1668 703 1693 anno
712 1658 757 1694 1078
764 1659 792 1693 vel
803 1658 848 1693 1084
857 1657 937 1693 ascribit.

150 1717 233 1763 Epistola
246 1718 302 1762 legati
315 1717 339 1752 ad
354 1728 418 1762 regem
431 1718 507 1754 Sanclro
521 1717 611 1761 Ramirez,
625 1718 657 1762 qui
671 1728 687 1752 a.
697 1718 743 1753 1076
753 1728 833 1762 regnum
843 1717 938 1753 Nauarrae
986 1747 988 1749 .

150 1777 230 1822 adeptus
244 1777 294 1812 brevi
308 1779 352 1821 post
359 1776 408 1812 lralri
416 1787 451 1812 suo
461 1777 547 1820 Garciae,
555 1777 647 1822 episcopo
657 1776 728 1812 lacensi
738 1776 798 1822 (Jaca)
807 1777 938 1822 episcopatum

151 1836 319 1881 Pampilonensem
332 1836 413 1880 tradidit,
427 1836 497 1872 directa
510 1838 543 1872 est.
558 1836 608 1874 Kehr
621 1836 728 1871 discernere
742 1836 807 1881 nequit
824 1838 886 1871 utrum
900 1836 938 1881 epi-

150 1896 198 1932 stola
211 1896 246 1932 hac
260 1896 360 1932 occasione
374 1896 443 1941 scripta
456 1896 484 1939 sit,
498 1907 521 1931 an
536 1897 599 1941 potius
612 1907 628 1931 a.
643 1897 689 1932 1084
702 1896 804 1932 occasione
811 1896 938 1931 successionis

151 1956 236 1992 Garciae.
251 1955 362 1991 Notandum
376 1958 404 1991 est
417 1956 519 2000 Sanctium,
533 1956 565 2001 qui
579 1955 597 1990 in
612 1956 646 1991 liac
660 1955 715 2001 legali
729 1956 809 2001 epistola
818 1954 938 1990 acritervilu·
987 1953 988 1956 ’

151 2017 231 2061 paratur,
245 2017 311 2061 postea
325 2015 348 2051 ab
369 2015 448 2052 Urbano
468 2016 483 2051 ll
497 2015 515 2050 in
536 2015 589 2050 Bulla
608 2016 626 2050 d.
642 2016 668 2051 19.
688 2015 743 2050 Mart.
764 2016 809 2051 1095
828 2015 851 2050 ad
872 2025 939 2050 omnes

151 2075 311 2120 archiepiscopos,
324 2074 427 2121 episcopos
441 2076 458 2110 et
471 2085 560 2120 proceres
575 2074 679 2120 Hispaniae
692 2075 763 2110 directa
771 2074 852 2110 multum
861 2074 939 2117 laudari;

151 2136 229 2170 vocatur
242 2134 376 2170 devotissimus
390 2135 439 2170 beati
454 2134 502 2170 Petri
516 2134 572 2178 tilius,
586 2134 722 2170 monasterium
732 2133 749 2170 S.
759 2133 834 2169 loannis
841 2134 859 2169 in
869 2134 939 2177 Penna,

151 2194 184 2230 ubi
197 2205 230 2230 rex
244 2194 360 2239 sepulturam
373 2195 449 2230 sortitus
463 2195 496 2237 est,
510 2194 585 2239 speciali
603 2194 689 2229 omnium
709 2194 823 2229 reverentiae
843 2203 939 2229 commen-

152 2254 212 2298 datur,
226 2253 236 2289 l.
252 2264 267 2289 c.
277 2255 317 2289 271.

529 2348 583 2389 138.

208 2436 301 2483 rura-85,
317 2436 385 2475 Mari.
401 2436 434 2474 14.
452 2434 569 2483 Gregorius
587 2434 625 2474 Vll
638 2434 661 2474 8.
676 2434 745 2474 Paulo
759 2428 940 2483 apost010.Eccle-'

152 2501 198 2541 siae
212 2501 234 2541 S.
246 2501 311 2541 Pauli
328 2502 387 2540 extro
407 2512 479 2540 rnuros
500 2500 522 2539 in
538 2501 571 2540 riu
594 2500 697 2549 Ostiensi,
720 2500 806 2548 Romae,
828 2500 941 2549 privilegia

154 2567 255 2607 concedit.

207 2644 353 2685 Concedimus
368 2646 429 2685 etiam
445 2648 493 2684 tuae
508 2647 592 2684 sanctae
603 2644 773 2693 congregationi,
785 2647 808 2683 ut
818 2644 888 2683 nullus
899 2644 941 2692 epi·

153 2723 232 2760 scopus
248 2711 324 2751 audeat
339 2722 446 2760 quemque
462 2710 617 2750 monachorum
628 2710 661 2749 vel
670 2710 804 2757 clericorum,
814 2721 852 2758 per
860 2707 941 2749 diversa
