1975 3157
155 112 176 147 18
420 119 548 155 scmmoxes,
561 119 672 148 EPISTOLAE

154 237 194 282 380,
208 237 243 274 490
256 238 274 273 et
287 236 368 282 passim3
381 237 446 282 Lesrze,
461 237 554 273 Hincmar
566 237 942 283 etl’empereurLothairetl>aris19ll5l3

153 297 180 333 H.
193 297 268 342 Netzer,
282 297 379 340 llincmar,
393 297 422 333 in:
436 297 484 333 Dict.
498 297 522 332 de
535 296 601 332 Theol.
617 296 692 333 Cathol.
707 297 724 333 l(
743 298 799 342 24823
818 297 915 334 Manitius
936 299 941 334 l

154 357 195 401 330,
208 356 241 402 qui
254 356 390 401 amplissimam
404 356 564 402 bibliographiam
573 357 602 392 rde
616 356 720 392 llincmaro
734 357 797 400 relert;
807 357 942 403 rheumam,

154 416 183 451 in:
197 415 280 452 lexihon
294 415 305 451 l.
319 416 386 452 Theol.
400 427 417 452 u.
431 416 453 454 Κ.
466 417 483 453 V
496 415 558 461 (1933)
572 416 600 452 64.

208 555 227 583 a.
243 563 269 568 -
283 543 315 583 Ex
329 554 430 592 responso
439 543 525 583 Hincm.
541 543 600 588 Rem.
617 543 647 583 ud
660 543 736 583 elerum
751 543 848 583 Laudice.
860 541 902 594 (ep.
913 542 940 592 l).

208 634 339 673 Hincmarus
348 632 414 682 refert
423 645 454 680 eu,
466 645 520 682 errae
529 632 681 673 Leudurzenses
691 633 828 683 scripserant,
839 634 942 683 qraornoclo

154 699 272 748 episeopus,
296 699 421 748 priusquam
448 699 573 739 Vermeriorn
594 699 703 748 profectas
724 701 763 748 est,
785 699 871 739 elericos
892 710 942 739 suos

155 764 324 814 congregarem&
339 765 447 813 sequitur:

208 829 249 870 Sed
265 830 314 878 quia
329 829 429 870 credebat
444 830 464 869 in
480 831 526 879 ipsa
540 829 631 879 synodo,
648 829 706 878 quod
723 841 770 869 mos
780 829 837 869 haud
848 831 942 879 exposcit

154 896 277 941 canonicus,
294 895 385 944 aliquam
401 895 524 935 violentiam
547 895 586 935 sibi
610 895 727 943 inlegaliter
748 897 768 934 et
790 898 862 935 contra
884 896 942 944 leges

155 972 260 1001 canonum
276 973 287 1000 a
303 972 440 1009 quocumque
450 961 505 1012 fieri,v
516 972 615 1001 sermone
626 961 777 1000 contestatorio
788 964 808 1000 et
819 961 942 1001 auctoritate

155 1025 220 1066 sancti
236 1025 299 1073 Petri,
315 1027 374 1075 quod
389 1026 405 1066 si
422 1027 440 1065 ei
456 1027 539 1066 licentia
555 1026 617 1066 eundi
634 1026 724 1067 Romam
740 1025 895 1074 prohiberetur,
907 1030 942 1067 aut

155 1092 200 1140 ipse
215 1094 289 1140 captus
304 1091 442 1139 obtineretur,
459 1104 534 1132 omnes
549 1092 670 1131 sacerdotes
684 1092 749 1131 totius
765 1091 877 1140 parochiae
892 1104 942 1132 suae

155 1157 270 1205 colligavit,
286 1160 309 1196 ut
323 1168 387 1196 nemo
403 1169 476 1197 eorum
493 1158 513 1196 in
529 1169 553 1197 ea
575 1157 699 1197 sacerdotali
722 1157 839 1197 ministerio
861 1158 941 1197 tamdiu

155 1226 256 1269 uteretur,
273 1223 393 1271 usquedum
410 1223 443 1262 ille
459 1222 570 1262 nobiscum
587 1223 661 1262 iterum
678 1222 724 1261 viva
739 1234 791 1262 voce
809 1223 941 1271 loqueretur;

155 1291 189 1327 aut
204 1288 284 1327 litterae
299 1300 324 1328 ex
339 1289 384 1337 ipsa
399 1291 471 1328 sancta
485 1288 536 1328 sede
550 1288 605 1328 beati
622 1288 676 1328 Petri
693 1286 792 1337 Apostoli
811 1288 873 1328 nobis
896 1288 942 1328 mit-

154 1356 254 1393 terentur.
270 1353 321 1400 Quo
336 1353 392 1393 lacto
403 1354 461 1403 quod
476 1356 526 1393 tunc
541 1365 584 1393 non
600 1353 683 1400 accidit,
700 1365 755 1393 nunc
771 1354 791 1392 in
806 1353 889 1393 Silvaco
908 1366 942 1402 pa-

154 1419 204 1459 latio
220 1419 245 1459 V.
262 1419 307 1461 Kal.
324 1419 393 1458 lunias
409 1422 517 1468 peractum
532 1421 571 1459 est.
587 1419 636 1466 Qua
650 1422 721 1459 tamen
736 1419 770 1458 die
781 1420 904 1468 priusquam
916 1420 941 1459 ad

155 1485 224 1533 ipsum
240 1483 345 1524 Silvacum
362 1485 488 1533 perveniret,
505 1485 612 1534 praescius
627 1487 727 1524 venturae
749 1484 861 1524 violentiae
883 1496 941 1532 suae,

155 1550 258 1598 praedixit
268 1550 374 1590 socerdoti
387 1553 459 1590 nostro
471 1549 587 1597 Cluentio,
600 1550 706 1598 simulque
715 1550 806 1590 diacono
814 1550 941 1598 Teutlando

155 1618 177 1655 ut
192 1614 254 1655 nobis
269 1615 417 1655 denuntiarent
439 1627 477 1664 per
498 1616 570 1655 omnia
592 1627 631 1655 nos
653 1617 780 1662 servaturos
804 1627 858 1664 quae
880 1627 942 1655 causa

154 1692 240 1720 suarum
256 1681 387 1727 iniuriarum,
404 1684 424 1721 et
439 1684 461 1720 ut
475 1682 540 1721 satius
557 1681 660 1728 dicamus,
684 1692 723 1729 pro
745 1684 799 1720 statu
822 1683 941 1720 sanctarum

155 1746 299 1793 ecclesiarum,
316 1747 336 1786 in
355 1747 483 1795 praescripta
500 1746 583 1794 synodo
605 1746 659 1786 Xlll.
685 1746 730 1788 Kal.
753 1747 820 1785 Maias
842 1746 942 1786 omnibus

154 1811 301 1851 sacerdotibus
315 1823 365 1851 suae
383 1811 496 1860 parochiae
517 1811 630 1851 observare
652 1812 776 1851 auctoritate
798 1812 863 1851 sancti
887 1812 941 1851 Petri

155 1878 200 1926 ipse
215 1880 358 1926 praeceperat.
376 1877 400 1917 Et
415 1880 463 1926 post
479 1877 597 1925 aliquanta:
619 1876 756 1926 Quapropter
773 1878 822 1926 quia
842 1877 941 1917 eumdem

155 1943 267 1982 dominum
283 1945 378 1982 nostrum
398 1943 455 1991 regia
473 1945 577 1991 potestate
600 1945 703 1982 retentum
726 1945 746 1982 et
768 1942 873 1982 reclusum
896 1944 951 1991 viva,

155 2019 207 2048 voce
222 2008 296 2048 audire
311 2020 354 2048 non
370 2010 500 2057 poteramus,
516 2011 536 2048 et
553 2009 677 2048 sacerdotali
701 2009 818 2048 ministerio
841 2008 941 2057 prohibiti

155 2074 181 2114 ab
196 2086 222 2114 eo
237 2073 277 2113 frui
293 2085 336 2113 non
352 2073 490 2121 audebamus,
508 2074 542 2113 lll.
560 2074 605 2116 Kal.
622 2074 691 2114 lunias
713 2074 739 2113 ad
761 2074 884 2122 capitolium
904 2085 941 2114 no-

131 2176 133 2179 ,
154 2142 220 2179 strum
237 2140 388 2179 convenimus:
404 2143 425 2179 et
442 2139 521 2179 ibidem
544 2140 653 2179 communi
676 2140 785 2188 colloquio
807 2142 942 2179 retractantes

155 2207 223 2244 ratum
239 2204 285 2244 iore
300 2204 406 2251 duximus,
423 2208 445 2245 ut
460 2205 535 2245 exinde
551 2205 663 2245 consilium
679 2207 763 2245 nostrae
778 2205 851 2245 salutis
861 2217 873 2245 a
883 2217 942 2245 sacra

155 2272 279 2320 paternitate
290 2271 389 2310 almitatis
399 2274 480 2310 vestrae
491 2270 598 2310 humiliter
608 2271 781 2320 deposceremus,
793 2273 864 2310 utrum
875 2282 942 2311 sacer-

155 2337 232 2377 dotalis
256 2337 365 2376 ministerii
390 2336 463 2376 ollicio
487 2336 563 2376 Missas
585 2335 721 2382 celebrando,
744 2339 764 2376 et
786 2335 880 2376 Domino
903 2348 942 2385 pro

155 2403 276 2451 receptione
292 2402 382 2451 pastoris
397 2403 463 2442 nostri
484 2414 507 2442 ac
529 2402 638 2441 communi
661 2401 749 2441 utilitate
771 2402 836 2441 totius
858 2405 942 2441 sanctae

155 2468 255 2508 ecclesiae
270 2468 373 2507 sacrificia
388 2467 508 2515 offerendo
524 2467 654 2516 baptizando
670 2479 755 2515 pueros,
768 2466 873 2507 visitando
885 2467 942 2506 infir-

155 2544 210 2580 mos,
227 2533 384 2573 reconciliando
400 2544 448 2572 cum
464 2533 540 2572 viatico
558 2544 645 2572 munere
664 2533 815 2581 poenitentiam
838 2535 941 2581 petentes,

154 2599 278 2647 sepeliendo
294 2601 398 2645 mortuos,
408 2610 456 2638 cum
469 2598 552 2646 penitus
563 2598 589 2637 ab
600 2597 632 2637 his
643 2591 743 2638 omnibus
755 2598 854 2647 prohibiti
866 2598 940 2638 simus.

155 2664 180 2703 Et
195 2665 259 2713 paulo
275 2667 333 2713 post:
351 2665 371 2704 in
387 2664 487 2713 parochia
502 2667 573 2704 nostra
584 2664 613 2703 uti
625 2664 708 2711 debeat,
720 2675 747 2703 an
758 2676 809 2711 non,
821 2666 841 2703 et
852 2664 940 2712 reliqua.
