1975 3157
125 168 148 203 20
371 175 463 205 DECRETA
478 176 528 205 aon.
542 175 669 204 Pontificum

127 296 256 335 monasterio
268 295 402 343 indulsimus,
419 298 441 335 ut
455 295 529 335 iratres
544 294 640 342 ejusdem
651 295 832 345 congregationis,
844 296 904 335 exclu

126 361 154 400 sis
169 361 214 401 aliis
229 360 337 409 omnibus,
354 361 393 410 ipsi
409 360 500 401 absoluti
516 362 611 401 divinum
628 360 723 401 officium
740 363 848 410 peragant.

175 435 205 471 ru
219 436 258 480 rao,
273 436 328 479 raro
342 435 364 471 ic
377 436 429 471 aros.
444 448 445 451 κ

504 570 558 612 119.

182 668 275 709 root-73.
286 668 409 709 Alexander
415 669 436 708 II
444 669 499 709 clero
509 671 529 708 et
537 669 615 718 populo
626 669 788 709 Tricasttnensis
796 666 913 716 (st-Paui-

130 732 319 782 Trnis·Clzuteaux)
334 736 355 773 et
367 734 485 774 Arausicae
500 731 608 783 (Orunge)
625 734 724 774 civitatis.

180 823 328 863 Admonemus
345 835 392 871 uos,
411 822 589 870 charissimifilii,
608 825 630 863 ut
647 823 704 863 tratri
722 825 796 863 nostro
814 822 912 871 Giraldo,

127 889 205 936 pastori
224 891 244 928 et
261 889 364 937 episcopo
382 891 459 936 vestro,
478 888 565 937 dignam
585 889 729 928 obedientiam
750 888 872 936 exhibeatis,
894 892 914 928 et

127 955 176 1002 quia
191 954 262 994 divina
272 954 385 1003 dispositio
396 966 444 994 eum
456 955 567 994 custodem
583 955 701 994 animarum
716 957 833 994 vestrarum
845 956 912 1003 ponit,

127 1019 237 1059 hortamur
252 1031 297 1067 uos,
314 1024 336 1060 ut
351 1021 372 1059 in
387 1021 445 1060 omni
462 1032 513 1069 pace
529 1023 549 1060 et
563 1021 678 1060 concordia
693 1020 733 1060 sub
750 1021 795 1068 ejus
811 1021 914 1069 regimine

127 1085 268 1125 indissolubili
284 1086 383 1126 charitate
399 1086 522 1135 persistatis,
534 1088 554 1125 et
564 1098 613 1125 eum
628 1098 677 1125 cum
692 1087 750 1125 omni
766 1087 882 1125 reuerentia
893 1086 913 1124 in

128 1153 208 1198 patrem
219 1153 239 1190 et
250 1152 360 1200 proprium
376 1150 450 1191 colatis
461 1151 595 1200 episcopum.
608 1150 704 1205 illudque
715 1151 832 1200 apostolica
843 1153 913 1191 aucto-

127 1216 186 1256 ritate
201 1228 239 1255 vos
255 1228 342 1256 monere
358 1216 517 1263 destinavimus,
533 1228 559 1255 ne
575 1217 622 1265 quis
637 1219 729 1256 vestrum
741 1218 761 1256 in
772 1216 813 1255 hoc
824 1216 913 1256 consilio

127 1284 162 1321 aut
177 1281 232 1321 iacto
247 1282 372 1329 consentiat,
389 1284 411 1321 ut
427 1282 562 1328 BertrannuS,
579 1282 611 1321 vel
627 1282 703 1331 aliquis
717 1282 837 1321 mortalium
849 1281 914 1321 Arau-

127 1348 219 1387 sicanam
236 1347 345 1387 ecclesiam
364 1347 390 1387 ab
408 1348 487 1388 unitate
504 1348 633 1387 Tricastinae
650 1348 751 1388 ecclesiae
769 1348 860 1394 dirimat,
879 1351 914 1388 aut

128 1413 148 1452 in
164 1413 233 1461 aliqua
249 1415 307 1462 parte
322 1413 496 1453 constitutionem
507 1413 633 1452 sanctissimi
645 1413 712 1453 Patris
727 1414 792 1453 nostri
805 1412 913 1462 Gregorii,

127 1479 163 1527 qui
179 1480 278 1527 utrasque
293 1479 393 1518 ecclesias
408 1479 517 1518 coniunxit
531 1480 551 1518 et
567 1479 640 1525 univit,
652 1481 775 1527 corrumpat
790 1481 810 1518 et
825 1479 913 1518 minuat.

127 1542 221 1584 Scientes
238 1543 296 1592 quod
315 1544 392 1591 omnis,
411 1544 446 1592 qui
466 1544 485 1583 in
504 1543 543 1583 hac
561 1543 672 1590 diuisione,
694 1543 784 1583 consilio
804 1545 839 1583 aut
858 1543 914 1583 facto

127 1609 285 1656 commiscetur,
304 1621 315 1648 a
333 1611 391 1658 parte
409 1608 432 1648 Β.
454 1609 508 1648 Petri
526 1611 546 1648 et
566 1611 637 1648 nostra
654 1608 771 1658 apostolica
791 1609 914 1648 auctoritate

128 1675 331 1721 excommunicatur,
348 1676 367 1713 et
383 1667 590 1713 divinnm‘oiiicium
607 1674 691 1722 penitus
706 1673 844 1713 interdicitur.

176 1748 205 1784 PL
219 1747 258 1792 iio,
273 1748 327 1792 13843
341 1748 363 1783 ll.
376 1748 428 1783 lilii.
442 1748 513 1783 Textus
523 1746 579 1793 hujus
593 1750 610 1783 et
623 1747 720 1792 sequentis
729 1747 798 1783 decreti
810 1747 915 1783 accuratius

128 1807 189 1843 editus
203 1809 239 1842 est:
254 1807 316 1843 Gallia
329 1805 398 1843 Christ.
412 1806 522 1843 Novissima
534 1806 636 1852 VillQio)
648 1808 672 1843 20
685 1817 707 1842 nr
719 1808 748 1851 50,
762 1808 790 1842 51.

504 1941 558 1983 120.

184 2034 277 2074 issoi-73.
293 2034 416 2074 Alexander
428 2035 451 2073 Il
463 2034 582 2074 Bertruudo
592 2034 645 2083 filio
659 2034 790 2079 Ruirnbaldi.

182 2117 202 2164 Si
218 2136 267 2163 vera
281 2127 336 2171 sunt,
353 2135 407 2172 quae
422 2126 442 2163 te
457 2124 528 2163 conari
545 2123 693 2170 intelleximus,
710 2135 748 2163 nec
765 2123 854 2163 salutem
873 2123 915 2162 ani-

128 2201 175 2229 mae
190 2192 245 2236 tuae,
261 2189 299 2229 secl
316 2188 343 2228 ad
354 2190 477 2238 perpetuam
496 2188 646 2228 dannationem
665 2191 722 2228 tuam
738 2191 757 2229 te
768 2188 858 2236 eiectum
870 2199 916 2228 esse

129 2255 291 2303 perpendimus;
308 2254 405 2294 videlicet
420 2254 502 2293 domini
518 2255 583 2294 nostri
600 2254 699 2302 Gregorii
719 2265 785 2303 papae
803 2256 879 2293 statuta
897 2256 916 2292 et

128 2320 273 2360 ordinationes
288 2331 425 2368 summopere
441 2319 525 2359 labores
540 2319 662 2368 infringere,
679 2322 699 2358 et
714 2318 864 2359 arausicanam
879 2320 916 2358 Ec-

129 2385 222 2433 clesiam,
239 2396 303 2434 quam
319 2386 364 2434 ipse
381 2385 496 2434 justissima
514 2385 685 2425 consideratione
702 2385 830 2424 Tricastinae
847 2384 916 2424 Eccle-

128 2452 171 2490 siae
182 2451 298 2499 conjunxit,
310 2453 330 2490 et
341 2462 406 2490 unum
418 2451 564 2498 episcopatum
577 2461 623 2489 esse
631 2450 747 2497 constituit,
762 2449 796 2489 die
811 2452 916 2498 nocteque

129 2516 177 2555 inde
193 2516 282 2556 euellere
297 2515 382 2555 studeas
393 2517 413 2556 et
423 2526 531 2564 separare;
547 2527 586 2555 nec
601 2515 718 2556 Geralcium
735 2515 844 2564 utriusque
859 2515 917 2555 urhis

128 2582 254 2630 episcopum
266 2581 355 2621 eandem
368 2580 482 2621 Ecclesiam
494 2579 644 2620 Arausicanam
656 2581 741 2629 patiaris
757 2580 777 2620 in
793 2592 851 2629 pace,
863 2581 930 2620 sicut-

129 2648 254 2696 episcopum
271 2648 363 2695 oportet,
379 2649 450 2686 tenere
465 2648 485 2686 et
501 2658 573 2695 regere
585 2646 710 2695 praefatum,
722 2658 746 2686 ac
763 2647 779 2685 si
798 2646 917 2695 praedictae

129 2713 235 2752 Ecclesiae
257 2724 299 2751 non
320 2715 362 2752 tam
380 2712 466 2760 antiqua
486 2712 637 2751 constitutione
659 2715 679 2751 et
699 2712 822 2751 auctoritate
843 2711 916 2751 domni
