1975 3157
148 152 169 185 12
391 158 484 188 1111111111
499 159 549 188 uon.
563 159 691 188 Pontificum

146 278 255 326 soliusque
271 279 360 320 Romani
373 278 480 327 pontificis
490 278 570 327 judicio
581 279 720 318 consistentes
731 279 872 327 omnipotenti
887 279 933 319 Deo

146 344 213 383 securi
230 347 250 383 et
264 344 329 392 quieti
345 344 471 384 deserviant.

201 418 230 453 PL
248 419 287 462 143,
304 420 348 462 8843
367 419 389 454 ll.
405 419 457 454 4385.
477 440 496 444 -
520 419 638 455 Praecedens
658 418 776 464 privilegium
795 430 806 453 a
826 419 889 454 Leone
910 419 934 455 lX

146 489 162 512 1.
174 478 224 521 1049,
235 478 274 513 lun.
286 479 312 522 12,
322 489 435 514 concessum
449 478 536 514 nondum
546 478 629 523 speciale
642 478 689 523 quid
699 478 722 513 de
732 478 831 514 interdicto
845 479 934 523 continet,

146 538 179 572 sed
189 538 262 572 tantum
272 538 384 582 generaliter
397 537 450 573 dicit:
465 538 509 573 «Ne
519 537 551 574 scil
562 538 611 573 ullus
621 537 734 581 mortalium,
744 538 783 572 sive
793 537 816 573 sit
825 539 934 582 imperator,

147 596 185 631 siue
200 596 245 640 Rex,
259 596 297 632 sive
312 597 356 632 Dux
371 608 405 632 seu
421 597 514 641 Nlarctrio,
527 597 555 632 uel
570 596 731 642 Arcbiepiscopus
744 596 773 633 vel
787 597 890 642 episcopus
903 599 935 633 aut

147 655 210 700 aliqua
225 656 261 691 alia
276 655 359 691 bumana
375 657 458 701 potestas
473 667 531 702 super
546 656 596 691 idem
612 655 738 692 Clunlacense
752 656 889 693 Monasterium
903 656 935 692 uli-

147 724 204 760 quam
218 714 237 750 in
251 714 315 760 aliquo
329 716 442 760 potestatem
456 725 544 757 exercere
557 717 665 760 praesumat
674 730 688 751 ».
698 715 747 752 Bibl.
758 714 843 752 Cluuiuc.
854 717 905 752 1825.

522 854 576 897 101.

204 960 262 1005 1060,
278 958 348 1007 April.
365 960 398 998 15.
414 958 518 998 Nicotaus
533 959 554 998 ΙΙ
567 959 648 998 clericis
666 959 765 999 cauouicc
783 959 899 999 viventibus
914 959 936 999 iu

148 1024 235 1064 abbatia
249 1023 272 1063 S.
284 1024 343 1064 Petri
356 1024 378 1063 iu
393 1024 445 1064 rurba
458 1023 564 1072 agerensi·
576 1021 645 1073 (Ager
654 1024 676 1063 iu
688 1023 809 1073 Cotatouio,
821 1021 934 1073 Hispan).

243 1115 265 1152 ut
280 1113 330 1152 nulli
346 1114 449 1162 episcopo
465 1113 525 1152 liceat
541 1113 646 1162 praelatae
661 1113 762 1153 ecclesiae
777 1113 872 1153 divinum
889 1113 936 1153 otti-

148 1179 204 1218 cium
216 1178 337 1227 probibere,
347 1181 382 1218 aut
393 1178 419 1218 de
429 1178 510 1218 clericis
521 1178 600 1218 ibidem
612 1179 795 1219 commorantibus
806 1190 935 1228 quemquam

149 1244 341 1290 excommunicare,
358 1247 393 1284 aut
408 1244 491 1292 aliquos
508 1255 571 1291 causa
589 1244 735 1284 conversionis
753 1244 895 1293 poenitentiae
910 1244 936 1284 ad

149 1321 197 1348 eum
211 1309 319 1349 venientes
334 1309 365 1349 vel
382 1309 477 1349 diuinum
489 1309 585 1349 0111111111]
597 1309 706 1351 audituros
717 1309 749 1349 vel
760 1308 838 1349 ibidem
855 1321 936 1350 reman-

149 1386 218 1423 suros,
230 1374 256 1414 ab
271 1386 296 1413 ea
310 1371 416 1423 separare,
428 1377 463 1414 aut
474 1374 607 1421 interdicere,
623 1374 655 1413 vel
671 1374 828 1423 quoquomodo
843 1374 934 1421 laedere,

150 1442 253 1489 quatenus
269 1439 427 1489 perturbatione
443 1440 500 1480 omni
517 1442 598 1480 remota
610 1441 630 1479 in
642 1440 700 1479 nullo
716 1440 859 1490 impediantur
874 1451 936 1480 cano-

149 1507 195 1546 nice
213 1507 315 1552 viuentes‚
332 1506 370 1545 nisi
389 1506 452 1552 torte,
471 1506 530 1554 quod
549 1505 613 1545 absit!
632 1508 706 1545 contra
723 1506 826 1545 canonica
844 1506 937 1545 instituta

150 1572 170 1611 in
186 1583 248 1611 suum
264 1572 389 1620 episcopum
405 1570 485 1620 aliquid
503 1571 587 1618 11111111,
604 1570 660 1611 unde
678 1571 719 1611 boc
738 1572 818 1621 perpeti
838 1570 936 1611 debeant.

150 1637 174 1677 Et
189 1636 288 1676 volumus
303 1648 350 1683 nos,
367 1639 387 1676 11
404 1636 528 1677 auctoritate
546 1636 693 1685 apostolorum
712 1636 831 1685 principum
848 1636 901 1676 Petri
917 1637 937 1676 et

150 1702 208 1742 Pauli
229 1702 318 1741 firmiter
336 1701 442 1750 jubemus,
462 1704 484 1741 ut
503 1713 578 1741 omnes
597 1701 704 1748 ecclesias,
723 1702 794 1748 cellas,
814 1705 834 1742 et
852 1701 937 1750 praedia

151 1767 255 1816 praefatae
274 1768 375 1807 ecclesiae
393 1768 498 1812 omnium,
515 1778 569 1815 quae
587 1767 653 1807 modo
672 1766 778 1813 habetet
796 1766 892 1807 habitura
907 1769 938 1807 151

150 1834 170 1872 in
187 1834 312 1881 perpetuum
329 1833 399 1881 quiete
414 1832 491 1872 babeat
506 1835 525 1872 et
541 1832 656 1881 possideat,
670 1835 690 1872 11
705 1832 755 1871 nulli
772 1832 873 1872 ecclesiae
888 1844 938 1871 suae

149 1899 194 1938 sine
213 1898 274 1947 culpa
292 1898 418 1938 clericorum
437 1900 510 1938 contra
527 1897 584 1945 jussa
602 1908 708 1937 canonum
727 1897 822 1937 diuinum
841 1897 937 1937 officium

150 1963 295 2012 prohibeatur,
311 1965 347 2003 aut
362 1964 565 2003 excommunicetur.
620 1969 622 1972 ’

205 2038 288 2082 11111,
303 2038 357 2081 13383
372 2038 460 2074 114432.

526 2172 580 2214 102.

206 2279 264 2325 1061,
286 2278 357 2327 April.
380 2279 416 2318 27.
439 2277 544 2317 Nicotaus
565 2278 587 2316 ΙΙ
611 2276 701 2318 Oderico
722 2277 796 2317 abbati
816 2277 940 2318 monasterii

150 2344 173 2384 S.
193 2344 304 2384 Trinitatis
322 2343 490 2391 Vindociueusis,
508 2342 599 2383 O.S.B.
617 2342 714 2383 Cluuiac.
731 2339 865 2390 (venatui).

206 2434 253 2473 Hoc
269 2433 339 2479 enam.
351 2432 398 2472 11111
409 2432 488 2472 fiducia
501 2432 779 2481 apostolicae·auctoritatis,
792 2431 938 2481 probibemus,

152 2512 177 2539 ue
186 2499 206 2538 in
215 2498 368 2539 Vindocinensi
377 2497 492 2544 coenobio,
500 2509 537 2537 seu
548 2498 568 2536 in
580 2497 674 2546 predicta
684 2496 705 2538 S.
717 2496 831 2538 Salvatoris
842 2497 938 2543 ecclesia,

152 2565 187 2604 ulli
203 2576 297 2613 unquam
314 2575 424 2613 personae,
441 2563 480 2603 nisi
496 2563 535 2603 soli
552 2575 618 2612 papae
633 2563 694 2603 liceat
710 2565 835 2612 potestatem
852 2565 887 2602 aut
902 2563 939 2602 do-

152 2631 290 2670 minationem
306 2641 410 2676 exercere,
423 2631 458 2669 aut
468 2630 653 2668 excommunicare
663 2640 700 2669 seu
712 2628 844 2675 interdicere,
856 2628 938 2668 etiamsi

152 2696 290 2736 Carnotensis
307 2707 345 2735 seu
363 2694 523 2743 nnuegavensis
541 2695 607 2744 patria
625 2695 808 2745 excommunicata
824 2694 888 2734 1111111
905 2695 940 2733 aut
