1975 3157
381 159 474 197 uecx'erx
489 168 538 198 uon.
552 167 679 196 nourrrrcuu

514 337 569 380 146.

193 449 251 496 1089,
272 448 321 488 Mai
341 449 378 488 26.
404 447 504 488 Urbanus
524 448 547 487 II
565 447 686 493 Raimundo
708 447 782 487 abbati
801 448 925 488 monasterii

138 512 212 553 Sancti
226 513 345 554 Salinatoris
359 513 478 558 Leioransis
494 511 546 559 (San
561 512 666 553 Salvaaor
679 513 705 553 de
718 512 793 559 Leire).

192 603 289 643 Preterea
304 603 446 650 decernimus,
462 605 484 643 ut
499 602 565 643 abhas
580 603 699 643 nullatenus
713 603 758 642 sine
776 603 851 643 iuditio
869 602 925 643 sedis

137 669 254 717 apostolice
267 669 387 718 deponatur
397 671 417 708 et
427 669 624 708 excommunicetur
634 669 679 717 ipse
689 668 721 708 vel
732 668 806 708 tratres
817 669 837 708 in
848 669 924 709 eodem

138 735 269 774 monasterio
285 735 383 784 professi,
399 735 512 774 autetiam
528 746 601 774 eorum
618 734 687 774 clerici
702 734 735 773 vel
750 735 878 774 monasteria
888 746 925 774 seu
951 762 952 765 ,

138 800 226 840 ecclesie
235 799 274 840 sihi
285 800 380 840 suhiecte
388 812 497 848 nunquam
507 812 545 848 pro
554 800 775 840 excommunicatione
783 800 926 840 circaiacentis

139 866 248 914 provincie
263 866 302 905 nisi
318 866 410 915 propriis
428 866 496 914 culpis
513 865 646 914 exigentibus
664 867 874 906 excommunicentur
891 869 926 907 aut
985 918 987 920 K

139 942 150 969 a
166 931 238 971 divino
254 931 327 971 officio
342 931 506 980 suspendantur.

191 1012 244 1048 Paul
255 1013 311 1057 Keirr,
326 1012 425 1058 Papsturlr.
438 1012 456 1047 in
471 1012 560 1058 Spanien,
574 1013 588 1047 ll
606 1013 689 1048 Navarra
708 1013 747 1048 und
767 1012 844 1058 Aragon
864 1012 926 1059 (1928)

138 1071 178 1107 208.
201 1072 323 1107 Falsilicatio!
346 1072 438 1107 Falsarius
458 1073 531 1107 textum
553 1072 620 1117 partim
642 1082 665 1107 ex
687 1072 785 1117 privilegio
811 1072 926 1109 monasterio

139 1130 156 1166 S.
171 1131 260 1166 Iohannis
276 1132 300 1167 de
314 1132 379 1167 Penna
398 1131 415 1166 d.
428 1133 445 1166 4.
460 1132 492 1166 lul.
507 1132 552 1167 1089
570 1131 620 1176 (vide
637 1131 692 1175 iutra)
708 1142 807 1176 concesso,
822 1132 889 1177 partim
902 1143 926 1167 ex

138 1190 237 1236 priuilegio
251 1191 354 1226 Alexandri
369 1191 383 1226 ll
398 1190 415 1225 d.
430 1192 457 1226 18.
472 1190 514 1226 Oct.
529 1192 580 1235 1011,
594 1192 616 1226 11.
629 1191 682 1235 4091,
696 1191 806 1236 desumpsit.

514 1349 568 1391 147.

125 1516 127 1518 ‚
196 1459 254 1506 1089,
270 1459 313 1498 Iuli
327 1461 345 1499 Ι.
363 1458 463 1499 Urbanus
477 1460 500 1498 ΙΙ
511 1460 639 1499 monasterio
653 1459 700 1498 lesu
714 1460 824 1500 Nazareni
838 1461 859 1500 in
872 1461 926 1500 Aru·

138 1524 205 1572 gorzia
221 1522 381 1574 (Montaragdm
397 1522 509 1573 Hispani.

194 1613 261 1654 Porro
277 1614 328 1654 nulli
343 1615 447 1663 episcopo
463 1614 523 1654 liceat
538 1614 633 1662 ejusdem
650 1614 755 1654 Ecclesiae
772 1615 853 1664 tratres,
872 1627 927 1665 quos
985 1648 986 1652 ,

140 1679 160 1718 in
176 1679 285 1721 Romanae
300 1680 401 1720 ecclesiae
416 1679 473 1719 tilios
488 1680 573 1728 speciali
592 1680 695 1720 electione
713 1671 875 1729 assumpsimus,
893 1693 927 1721 ex·
985 1672 986 1703 1

140 1745 306 1792 communicare,
324 1748 359 1785 aut
374 1745 469 1785 divinum
485 1746 515 1785 eis
530 1745 626 1785 osticium
640 1746 772 1793 interdicere,
784 1746 821 1785 sed
832 1746 871 1786 sub
882 1746 927 1786 sola

139 1810 196 1849 sedis
212 1811 342 1858 apostolicae
358 1811 490 1860 protectione
504 1810 627 1860 judicioque
643 1814 787 1859 permaneant.

195 1891 225 1926 rr
239 1893 278 1936 151,
291 1892 336 1934 aor;
351 1891 438 1927 115318.

514 2044 569 2086 148.

196 2154 254 2201 1089,
266 2154 306 2193 lul.
318 2155 336 2194 1.
351 2153 451 2194 Urbanus
461 2154 483 2193 II
491 2153 595 2193 frotardo
605 2154 679 2194 abbati
688 2155 812 2195 monasterii
822 2155 844 2196 S.
856 2155 929 2195 Pontii

141 2216 251 2263 (St-Pons
266 2219 292 2258 rie
309 2219 427 2258 Thammes
443 2218 470 2258 Ο.
486 2218 509 2258 S.
525 2219 559 2266 B„
575 2219 690 2268 sous-pref.
706 2219 732 2259 de
746 2219 872 2266 l'He'rault).

194 2307 304 2348 Praeterea
319 2308 468 2348 constituimus
484 2311 506 2348 ut
521 2308 571 2347 nulli
590 2310 693 2357 episcopo
711 2309 772 2349 liceat
794 2310 847 2349 intra
870 2321 927 2359 prae-

140 2373 206 2413 latum
221 2373 277 2413 beati
289 2373 362 2414 Pontii
374 2374 526 2414 monasterium
538 2374 583 2414 sine
594 2377 629 2414 tua
639 2376 769 2424 tuorumque
780 2387 927 2416 successorum

140 2438 224 2478 licentia
239 2440 314 2479 missas
329 2439 424 2488 publicas
439 2439 553 2486 celebrare,
569 2442 604 2479 aut
619 2439 775 2479 ordinationem
791 2440 883 2489 aliquam
899 2440 928 2480 ia-

140 2516 195 2551 cere,
212 2507 247 2544 aut
262 2504 357 2552 ejusdem
373 2504 472 2544 coenobii
491 2505 573 2552 tratres,
594 2517 649 2554 quos
668 2506 753 2554 speciali
774 2506 888 2546 dilectione
907 2507 927 2545 in

141 2569 249 2611 Romanae
265 2570 371 2610 Ecclesiae
385 2569 443 2610 lilios
457 2571 620 2619 assumpsimus,
637 2572 829 2618 excommunicare,
846 2574 881 2611 aut
898 2572 929 2611 eis

141 2635 236 2674 divinum
252 2636 348 2675 officium
365 2636 501 2683 interdicere;
517 2636 605 2676 sedsub
616 2636 661 2676 sola
672 2636 869 2685 sedisapostolicae
881 2648 928 2686 pro-

140 2701 232 2755 tectione
246 2700 451 2751 judicioqueliberi
469 2704 575 2741 annuente
597 2702 692 2742 Domino
714 2703 825 2751 securique
847 2713 929 2752 perma-
