1924 3132
300 135 428 172 scarcrones,
441 135 552 163 EPISTOLAE
797 128 820 163 33
891 167 894 171 ,

32 256 159 300 successerat
179 254 238 303 sede,
261 266 304 295 non
326 254 397 295 solum
419 254 530 295 nobilitate
552 255 643 304 generis,
663 266 737 295 verum
755 255 819 295 etiam

0 308 5 386 ξ
32 322 135 375 probitate
156 321 225 361 clarus
247 322 330 369 mentis,
354 322 392 362 toti
416 321 490 371 Regno
513 321 642 361 Francorum
665 320 777 361 anathema
797 333 820 362 St?

0 388 4 438 t
33 390 162 431 invecturum
178 388 322 428 comminatus
337 391 368 428 est
371 419 412 428 .....

0 491 3 505 ,
84 452 110 494 C.
129 454 159 492 12.
176 453 235 493 Tunc
249 465 298 493 vere
313 452 417 493 sollicitus
435 455 507 502 pastor
526 452 597 500 Abho,
621 464 704 493 memor
725 453 820 493 utilitatis

32 521 71 561 loci
87 530 151 567 quem
166 518 260 566 regebat,
277 518 412 567 privilegium
428 519 456 558 illi
471 517 609 568 Apostolicae
624 518 719 558 utilitatis
731 518 777 559 lieri
787 530 820 558 ro-

32 585 100 635 gavit:
124 583 183 632 quod
199 582 245 623 Deo
264 583 342 632 dignus
357 583 414 632 Papa
418 615 458 624 .....
481 583 626 624 favorabiliter
641 584 728 631 largitus
744 586 775 624 est
778 615 818 625 .....

0 643 2 694 f
85 649 107 689 ln
122 660 148 688 eo
163 661 213 689 sane
229 649 340 704 privilegio
356 652 376 689 et
392 650 445 689 inter
459 649 499 689 alia
514 650 641 696 continetur,
658 651 680 688 ut
699 649 819 704 Episcopus

0 709 2 738 ἶ
32 714 195 760 Aurelianensis,
213 714 252 753 nisi
268 714 374 760 invitatus
392 714 511 753 floriacum
527 726 662 763 nequaquam
685 714 746 754 adeat
765 714 820 754 Coe·

0 776 2 811 ἶ
35 780 133 820 nobium:
150 790 203 818 neve
218 790 312 827 unquam
335 779 424 827 quilibet
445 779 574 819 Pontificum
596 779 666 818 eidem
689 779 820 818 Monasterio

0 847 2 874 Γ
32 845 125 886 divinum
142 843 252 884 interdicat
266 843 371 892 otlicium,
387 844 450 884 etiam
466 845 482 884 si
498 847 542 884 tota
558 843 628 885 Gallia
639 843 667 884 oh
680 843 754 893 populi
770 856 818 894 pec-

33 914 76 952 cata
91 913 141 950 anot
134 909 232 951 thematis
247 910 307 950 leriat
300 913 333 950 tur
348 910 440 951 vindicta
455 922 466 950 a
481 910 531 951 sede
547 909 671 960 apostolica
674 942 715 951 .....
798 965 800 967 -

84 975 107 1017 S.
123 975 221 1017 Abboto
199 975 310 1025 toleprivi
310 976 388 1025 legion
403 976 756 1016 111111111111111111111111111
775 988 819 1016 cen

32 1044 70 1092 set,
85 1042 137 1091 onio
151 1042 202 1081 aliis
216 1053 298 1091 otioque
312 1043 447 1082 monasteriis
462 1054 475 1081 a
496 1042 599 1091 Gregorio
620 1042 681 1090 Papo
703 1042 757 1082 idern
772 1054 821 1082 con-

33 1119 111 1149 cessnrn
126 1109 164 1156 est,
180 1107 240 1147 utin
254 1107 391 1157 sequentibus
405 1108 482 1156 refert:

85 1172 151 1220 Quod
166 1175 236 1213 autem
255 1173 350 1213 divtnum
375 1173 471 1213 olticium
496 1174 632 1214 Monasteriis
656 1174 752 1214 interdici
777 1185 821 1213 non

34 1240 136 1287 oporteat.
155 1234 288 1286 [Gregorius]
306 1239 379 1278 loanni
396 1238 503 1287 Episcopo
519 1239 545 1278 de
561 1238 695 1280 Urbe-veteri
717 1239 819 1286 scribens,

34 1305 60 1343 ita
75 1304 159 1342 asserit:
176 1302 280 1351 agapitus
294 1302 367 1343 hbbas
382 1303 505 1342 Monasterii
520 1304 586 1343 sancti
602 1302 692 1351 Georgii
709 1304 822 1343 insinuavit

34 1368 102 1415 nobis,
119 1368 209 1416 plurima
220 1379 242 1407 se
253 1380 264 1407 a
275 1371 342 1407 vestra
358 1368 470 1408 Sanctitate
486 1369 610 1417 gravissima
625 1369 739 1408 sustinere:
749 1371 770 1408 et
778 1380 821 1408 non

34 1433 102 1473 solum
118 1434 138 1473 in
154 1432 186 1473 his
201 1445 255 1483 quae
270 1433 400 1474 necessitatis
415 1435 512 1483 tempore
528 1433 659 1474 Monasterio
674 1434 761 1483 aliquod
773 1446 821 1483 posr

34 1500 73 1539 sint
87 1498 141 1539 terre
156 1499 284 1546 subsidium,
309 1500 461 1540 verumetiam
484 1500 505 1540 in
521 1500 562 1540 hoc
586 1500 717 1540 Monasterio
742 1500 820 1547 Missae

35 1565 173 1614 prohibentur
187 1565 295 1612 celebrari,
312 1566 395 1614 sepeliri
411 1567 475 1606 etiarn
491 1566 570 1606 ibidem
587 1569 683 1606 mortuos
704 1566 820 1606 interdicis

34 1630 98 1677 Quod
113 1643 129 1670 si
146 1632 226 1677 itaest
243 1631 303 1670 alr
319 1643 357 1670 vos
373 1631 483 1671 horamur
497 1631 638 1671 inhumani
609 1634 651 1671 tate
675 1633 784 1680 suspendi
801 1635 821 1671 et

34 1695 115 1744 sepeliri
132 1695 211 1736 ibidem
227 1699 331 1744 mortuos,
343 1697 375 1736 vel
384 1696 484 1737 celebrari
496 1697 573 1737 Missas
583 1697 640 1737 nulla
651 1697 739 1737 ulterius
750 1697 821 1737 habita

34 1761 200 1802 contradictione
215 1762 331 1810 permittas,
348 1774 374 1802 ne
385 1762 456 1802 denuo
472 1762 581 1810 querelam
597 1762 623 1802 de
639 1762 671 1802 his
688 1774 742 1811 quae
765 1763 821 1802 dicta

34 1829 81 1865 sunt
96 1826 216 1875 praedictus
231 1828 262 1866 vir
276 1826 402 1867 venerabilis
417 1828 526 1876 deponere
541 1828 689 1875 compellatur.

86 1900 158 1936 Mnbill
158 1911 188 1945 on,
207 1899 254 1936 Aeta
267 1900 299 1937 SS
312 1901 336 1937 O.
350 1901 368 1937 S.
382 1901 427 1936 Ben.
441 1911 490 1936 saec
504 1902 620 1944 V11,42;
640 1912 699 1947 quam
718 1901 822 1937 editionem

35 1959 177 1996 tonrnierlc
162 1962 288 2006 ctamqnam
301 1960 394 2006 optimam
407 1960 524 2003 considerat;
538 1929 711 2006 anqnetlt3343
732 1960 762 1996 PL
783 1961 822 2005 139,

34 2019 168 2056 torrerent
182 2020 281 2056 memorati
294 2020 386 2067 privilegii
401 2019 489 2066 Gregorii
504 2020 520 2057 V
533 2020 594 2056 vide
589 2020 617 2056 rn
618 2032 637 2056 ra
650 2020 704 2057 inl>
719 2020 749 2056 lll

400 2145 438 2187 19.

87 2256 133 2296 997.
149 2256 181 2296 Er
195 2254 332 2296 1111111111111131
350 2255 440 2296 Ordinis
454 2255 477 2296 S.
492 2256 610 2296 Benedicti.

89 2345 137 2394 lpso
152 2348 249 2395 tempore
265 2346 330 2386 Fulco
345 2344 529 2385 Andecavensium
552 2358 633 2393 comes,
656 2346 740 2386 claustri
765 2346 820 2386 beati

35 2408 118 2449 Martini
133 2422 216 2451 sacrum
233 2412 264 2450 ius
280 2412 370 2451 violasse
385 2413 495 2451 accusatus
510 2414 549 2450 est.
566 2412 634 2460 Ipsius
649 2411 756 2460 siquidem
767 2411 823 2451 clau-

89 2500 93 2522 ¹
108 2502 202 2539 hlabillon
212 2503 261 2539 hanc
270 2503 397 2538 narrationem
406 2504 498 2549 tanquam
507 2503 641 2547 allegationem
651 2502 710 2547 attert,
720 2503 753 2539 sed
764 2503 824 2538 unde-

35 2571 79 2597 nam
92 2572 134 2598 eam
148 2562 231 2599 hauserit
244 2573 283 2598 non
297 2562 391 2599 indicavit.
405 2562 492 2599 Fortasse
506 2573 529 2598 ex
543 2563 608 2608 aliquo
624 2563 753 2608 manuscripto
771 2564 823 2609 qnod

36 2631 74 2656 non
88 2622 124 2658 ianr
145 2622 230 2659 exsistiit
251 2624 271 2658 ln
290 2623 346 2659 variis
366 2622 460 2659 chronicis
480 2622 601 2658 ecclesiarum
617 2623 810 2668 Andegavensiumf
805 2634 824 2659 111

36 2683 94 2724 quant
95 2692 127 2717 nm
140 2683 189 2729 typis
203 2683 241 2718 edit
234 2685 264 2718 tae
277 2684 326 2724 sunt,
340 2682 385 2718 nihil
400 2683 434 2718 hac
448 2682 471 2717 de
485 2693 504 2717 re
517 2682 586 2718 inveni.

782 2767 790 2793 3
