1975 3157
118 188 121 191 ⁴
140 168 163 203 74
386 176 478 206 DECRETA
492 177 542 207 ΗΘΜ.
556 176 684 206 PONTfflCUAf

140 307 177 335 a...
194 293 366 344 (presumfpsisti,
383 294 463 335 viribus
478 293 696 345 c(arere)...tpraeci?)
708 296 814 345 pientes...
824 296 925 336 dimittas.
979 277 980 281 Ἰ

140 360 240 410 Alioquin
256 360 356 400 adversus
371 362 509 401 temeritatem
526 363 582 401 tuam
598 362 664 402 sancti
679 362 766 411 spiritus
779 362 855 410 juditio
871 361 925 402 beati

140 426 195 465 Petri
211 427 277 465 mucri
293 426 394 466 deseviet.
836 427 838 429 ’

187 501 309 545 Loenenfeld,
323 500 381 547 Epist.
396 501 450 537 Pont.
465 501 519 540 Rom.
533 501 583 537 ined.
597 502 631 545 76;
647 502 669 537 ff.
683 503 736 538 onl.

513 624 569 666 261.

195 716 288 763 iria-16,
304 716 375 764 April,
392 717 429 756 23.
452 703 565 756 Pasclzaiis
580 717 602 756 Il
621 697 748 756 manasterio
767 716 790 756 S.
816 717 927 757 Trinitatis

139 781 294 831 Savigniansis,
312 781 338 822 O.
348 781 370 822 S.
379 782 405 821 Β.
422 779 523 831 (Sanigai
537 781 558 821 d.
574 780 647 831 Lporzt.

194 865 215 904 fn
231 852 319 904 nemore
334 864 428 914 quodam
444 864 527 905 deserto
545 867 566 905 et
581 865 638 905 invio
660 865 770 905 ecclesiam
793 865 925 906 aedificatam

140 932 160 969 et
175 929 276 978 religioso
290 930 365 969 fratres
380 941 417 978 per
431 932 489 969 tuam
505 930 629 969 industriam
646 930 666 969 in
682 930 720 970 Dei
732 931 818 970 servitio
827 930 868 970 illic
877 942 926 970 con·

140 998 239 1044 gregatos
254 996 384 1042 audivimus;
401 996 457 1035 unde
472 996 613 1044 omnipotenti
623 996 669 1036 Deo
678 997 755 1045 gratias
766 996 857 1045 agimus,
867 995 927 1043 cujus

139 1061 218 1109 gratiae
233 1063 264 1101 est
279 1060 359 1101 honum
385 1073 449 1101 omne
471 1061 530 1110 quod
551 1062 642 1110 agimus,
658 1063 679 1101 et
700 1062 764 1110 quieti
784 1064 866 1101 vestrae
888 1073 926 1111 pro

139 1126 212 1166 officio
228 1126 340 1174 providere
354 1127 482 1166 curavimus.
498 1127 585 1166 Vestrae
599 1127 705 1175 siquidem
721 1126 818 1175 religioni
841 1138 926 1167 conces-

139 1191 221 1231 sionem
237 1191 291 1231 hanc
306 1191 420 1231 litterarum
437 1193 578 1241 praesentium
597 1192 720 1232 auctoritate
737 1192 883 1238 concedimus,
904 1195 927 1232 ut

140 1269 179 1305 pro
194 1257 306 1297 interdicto
321 1257 430 1296 communi
446 1257 567 1306 parochiae,
583 1258 604 1297 in
619 1257 773 1306 qua'manetis‚
789 1257 877 1297 ecclesia
892 1270 926 1297 ve-

139 1324 188 1368 stra,
205 1322 263 1361 nulio
279 1322 345 1362 modo
360 1322 438 1362 officiis
453 1322 529 1362 debeat
543 1334 614 1362 carere
629 1323 713 1362 divinis.

186 1397 279 1441 aaran,
292 1397 348 1433 ries.
362 1408 405 1433 nov.
419 1397 485 1434 anecd.
500 1397 505 1432 1
519 1398 565 1442 aaa
580 1398 610 1434 aa
624 1398 666 1441 roa
680 1398 726 1441 aar,
743 1398 765 1433 n
778 1383 831 1433 osor.

513 1521 569 1562 262.

195 1614 253 1653 ilii.
269 1613 324 1652 Basa
339 1612 456 1652 cardinalis
472 1612 530 1652 titali
544 1612 566 1652 S.
587 1612 718 1652 Anastasiou
738 1615 759 1653 et
772 1613 856 1661 legatus
878 1625 926 1660 apo-

139 1678 227 1719 stalicae
240 1678 297 1718 sadis
311 1678 441 1727 Borangario
457 1678 591 1718 Oanrndensi
606 1676 716 1727 (Gerana),
727 1678 848 1723 Raimnnda
858 1678 926 1718 Ansa-

139 1744 201 1783 nansi
216 1741 286 1790 (Victi)
295 1743 398 1792 episcopis
413 1745 434 1783 at
446 1743 509 1784 Petra
523 1742 673 1783 archidiacono
687 1743 856 1783 Barclzinonensi
867 1741 925 1789 (Bar-

139 1808 228 1855 calana).
250 1809 327 1858 Aliqui
347 1808 428 1849 nobiles
452 1810 579 1849 monastario
594 1809 616 1849 S.
634 1808 754 1858 Cncnpiiati
773 1808 825 1854 (Son
848 1807 926 1858 Cngat)

140 1874 211 1914 villam
226 1877 247 1914 et
259 1874 348 1923 praedia
362 1874 497 1915 abstulerant
509 1876 531 1914 et
543 1874 594 1914 aliis
607 1874 676 1914 modis
694 1874 845 1914 monasterinm
869 1886 927 1915 rexa-

141 1942 218 1980 verant.
234 1941 327 1989 Legatns
341 1940 430 1980 mandat
443 1940 547 1988 episcopis
566 1942 591 1979 nt
603 1942 699 1987 raptores
720 1939 830 1988 usquead
845 1940 927 1988 festum

141 2004 241 2046 Omnium
256 2005 380 2045 Sanctorum
395 2005 424 2045 ad
437 2005 590 2045 restituendum
604 2006 688 2054 cogant.

195 2088 279 2137 ...quod
294 2089 310 2129 si
327 2101 394 2138 usque
409 2088 531 2138 prefinitum
547 2091 632 2137 tempus
647 2099 690 2128 non
699 2088 794 2135 fecerint,
804 2100 843 2128 nos
851 2091 927 2128 extunc

140 2155 166 2194 ad
181 2154 311 2202 condignam
326 2154 492 2194 satisfactionem
507 2156 550 2193 tam
566 2154 625 2202 ipsos
640 2165 703 2202 quam
715 2153 808 2194 honores
817 2152 843 2199 ti)
852 2165 926 2193 eorum

140 2232 151 2259 a
166 2219 243 2259 diuinis
258 2220 335 2260 officiis
350 2231 488 2269 segregamus
503 2222 523 2259 et
538 2220 601 2259 etiam
617 2219 740 2259 auctoritate
755 2231 797 2268 qua
818 2218 928 2268 fungimur

140 2286 358 2325 excommunicamus.

187 2360 238 2396 Puni
250 2360 307 2404 Kefar,
321 2360 418 2405 Papsturk.
431 2360 450 2395 in
464 2360 552 2405 Spanien,
567 2359 579 2395 Ι,
593 2359 710 2403 Kataranien,
725 2359 771 2402 30&
785 2359 836 2397 Kehr
855 2359 928 2396 dubitat

140 2421 202 2455 utrum
219 2420 238 2455 in
255 2420 384 2465 manuscripto
402 2419 505 2465 legendum
518 2419 541 2455 sit
556 2433 563 2448 r
572 2419 672 2455 honores»
687 2429 710 2454 an
726 2433 733 2447 r
742 2418 830 2455 homines
839 2432 854 2454 ».
868 2419 927 2461 Quod

140 2479 220 2515 dubium
235 2480 342 2515 nuliatenus
357 2478 457 2515 fundatum
473 2489 515 2515 esse
530 2479 609 2515 videtur,
626 2479 696 2514 Honor
710 2479 761 2514 enim
774 2478 793 2514 in
807 2478 927 2514 documentis

140 2538 197 2574 medii
212 2539 252 2575 aevi
268 2539 379 2583 saepissime
398 2538 512 2574 territorium
529 2548 573 2574 curn
591 2537 687 2582 domibus,
702 2538 788 2581 feudum,
803 2538 927 2584 provinciam,

139 2598 216 2643 praedia
225 2598 324 2644 significat.
337 2598 366 2635 Cf.
375 2598 408 2634 Da
418 2597 490 2644 Gange,
500 2598 629 2641 Glossarium
642 2598 698 2634 etiam
707 2598 726 2633 in
736 2597 856 2633 documentis
866 2597 927 2643 hispa-

139 2657 185 2693 nicis
195 2658 254 2694 muita
262 2658 351 2703 exempla
360 2658 459 2702 habentur,
468 2657 491 2694 cf.
500 2669 517 2693 v.
526 2668 544 2703 g.
554 2657 657 2694 Cofeccion
671 2657 695 2693 de
709 2657 836 2693 documentos
845 2656 927 2693 ineditos

139 2728 185 2763 para
197 2717 213 2753 el
228 2717 304 2754 estudio
317 2717 341 2753 de
354 2717 372 2753 la
387 2717 471 2753 Historia
484 2717 508 2753 de
521 2716 599 2763 Aragon
612 2715 726 2762 (Zaragoza)
738 2717 801 2752 Tomo
815 2716 821 2752 l
835 2717 863 2752 48.
