1924 3132
281 157 282 160 =
296 143 424 180 scammaes,
438 142 548 171 earsrouxa
793 135 814 170 31

29 271 47 309 ct
67 265 195 305 monasteria
212 276 294 305 cessare
316 277 327 304 a
349 263 421 304 divino
444 263 501 304 cultu
523 266 544 304 et
565 265 638 303 sancto
660 263 773 311 sacrificio,
796 264 817 303 et

30 331 131 384 populum
147 331 206 379 quasi
225 342 332 380 paganum
354 342 366 370 a
388 331 464 370 divinis
487 329 585 369 laudibus
607 340 697 377 cessare,
720 331 740 369 et
762 328 816 368 hanc

30 397 183 440 observantiam
199 397 400 437 excommunionem
424 392 684 444 [excommunicationem]
708 394 814 435 censebat.

76 471 105 508 ed.
122 471 187 516 Waltz,
201 470 262 507 non
277 471 343 517 Script.
357 471 382 506 lV
396 472 439 515 132;
453 471 484 507 Pl.
498 471 537 515 141,
551 471 579 505 52.

406 619 444 660 16.

81 731 128 770 995.
144 730 213 778 Epist.
231 726 342 769 Gerbertil
362 729 391 768 ad
407 728 546 777 Anonpmum.

82 818 169 866 Quanto
184 818 331 858 moderamine
346 817 402 858 salus
418 819 536 857 animarum
551 818 660 858 tractanda
672 820 705 866 sit,
718 821 738 858 et
748 821 816 859 vestra

29 878 146 926 fraternitas
160 885 226 930 novit,
243 895 381 931 summopere
397 883 529 932 pensandum
545 887 583 930 est,
600 886 622 923 ut
638 896 664 923 ne
679 884 731 933 quid
744 884 815 924 nimis.

30 952 82 991 Ecce
97 950 153 989 enim
169 949 219 988 dum
237 949 307 988 iudicii
323 950 456 989 severitatem
473 949 493 987 in
510 949 624 989 Ecclesiam
643 952 737 989 sanctam
760 961 817 988 exer·

30 1017 87 1062 cetis,
104 1015 193 1055 modum
209 1026 220 1054 a
235 1014 332 1054 Patribus
347 1015 485 1054 constitutum
501 1014 667 1054 transcendistis.
687 1016 741 1055 Nam
763 1026 817 1063 quae

29 1080 117 1121 concilia
132 1080 164 1119 uel
180 1080 264 1120 decreta
280 1079 379 1128 parvulos
394 1080 504 1128 baptizari,
521 1080 553 1119 vel
568 1080 644 1119 fideles
666 1080 687 1119 in
709 1081 818 1120 cimiteriis

29 1146 111 1195 sepeliri
127 1146 256 1185 vetuerunt?
278 1145 343 1192 Quod
362 1146 378 1184 si
397 1146 414 1185 is
436 1146 495 1184 locus
518 1145 629 1185 interdicto
652 1149 730 1192 vestro,
754 1148 774 1185 et
795 1149 818 1186 ut

30 1212 152 1251 solemniter
167 1211 270 1258 dicamus,
287 1213 357 1250 vestro
373 1210 444 1250 banno
460 1211 504 1249 iure
519 1213 602 1250 tenetur
613 1211 733 1257 adstrictus,
746 1211 817 1251 liceret
870 1228 872 1233 ’

30 1276 178 1316 innocentibus
194 1276 328 1324 parochianis
343 1275 369 1315 ad
385 1276 424 1315 alia
435 1276 585 1325 transmigrare
597 1275 651 1322 loca,
664 1277 750 1325 suisque
761 1276 817 1325 lega·
845 1283 846 1287 ’

30 1343 75 1381 liter
98 1343 134 1381 uti
152 1342 224 1381 sacris.
249 1342 329 1381 Moneo
355 1341 418 1389 igitur
443 1341 589 1390 paternitatem
614 1344 705 1382 vestram
727 1341 816 1382 modum

31 1407 100 1446 iudicii
115 1410 241 1456 temperare,
258 1410 370 1455 totumque
385 1407 495 1456 negotium
519 1407 546 1446 ita
568 1409 702 1456 pertractare,
726 1410 748 1447 ut
770 1409 817 1446 ante

30 1472 103 1512 oculos
120 1473 204 1512 divinae
226 1472 341 1512 Maiestatis
365 1471 447 1520 placere
470 1472 563 1521 possitis,
587 1475 607 1512 et
629 1471 816 1522 Coepiscoporum

30 1538 107 1578 iudicio
122 1549 165 1577 non
181 1537 316 1586 displiceatis.
333 1538 408 1577 Varios
424 1538 472 1577 mali
489 1539 592 1587 temporis
607 1538 643 1577 diu
659 1539 700 1578 iam
712 1534 817 1578 sufferens

30 1605 106 1650 motus,
123 1603 149 1642 ad
165 1605 257 1642 uestrum
272 1603 371 1642 solatium
391 1606 491 1651 tanquam
514 1604 540 1642 ad
563 1604 692 1643 tutissimum
715 1603 817 1652 coniugio

30 1670 121 1715 portum.
138 1667 239 1716 Alioquin
254 1670 289 1707 aut
304 1671 372 1707 vestra
387 1668 505 1708 solabimur
520 1679 569 1717 ope,
586 1671 621 1707 aut
632 1670 744 1717 peregrina
755 1668 818 1708 nobis

33 1733 148 1781 expetenda
163 1732 266 1773 subsidia.
853 1773 855 1778 .

82 1808 96 1842 l.
109 1808 178 1851 Havet,
192 1808 262 1843 Lettres
276 1808 300 1843 de
314 1807 395 1844 Gerbert
408 1806 471 1853 (1889)
485 1808 519 1843 192
532 1819 562 1853 ep.
575 1809 620 1852 2033
634 1808 681 1844 haec
690 1808 771 1854 epistola
780 1818 817 1844 sec.

31 1866 90 1902 flavet
108 1867 188 1903 fortasse
207 1867 231 1902 ad
252 1868 356 1903 fulconem
375 1867 489 1913 episcopum
509 1857 659 1903 Ambianensem
677 1866 772 1914 (Amicus)
790 1867 817 1902 di-

33 1927 81 1960 recta
95 1928 127 1962 est.

30 2093 85 2127 erant.
99 2094 138 2128 lam
152 2104 200 2139 puer
213 2093 231 2127 in
246 2093 383 2129 monasterium
398 2093 417 2130 S.
431 2093 512 2139 Eparchi
526 2093 678 2139 (SaintCybard
689 2093 817 2139 Angouleme)

29 2151 139 2188 educandus
151 2152 202 2188 venit
215 2152 280 2198 ibique
294 2152 400 2188 monachus
413 2153 474 2188 factus
485 2154 553 2198 postea
562 2153 639 2198 saepius
648 2163 728 2199 quoque
737 2153 756 2188 in
766 2164 818 2188 mon.

29 2208 46 2244 8.
61 2210 150 2247 Martialis
163 2213 247 2248 versatus
261 2214 294 2247 est.
309 2211 362 2247 Obiit
375 2211 394 2247 in
407 2212 473 2248 itinere
488 2212 664 2258 Hierosolymitano
673 2223 689 2248 c.
700 2214 751 2248 1031.
762 2213 818 2248 Varia

29 2269 96 2315 scripta
110 2271 188 2316 reliquit,
203 2271 226 2306 de
240 2282 323 2317 quorum
337 2271 453 2307 editionibus
467 2273 485 2307 et
500 2271 641 2317 bibliographia
660 2272 704 2308 vide
722 2273 737 2308 I.
757 2272 781 2307 de
799 2272 818 2308 lo

29 2328 146 2375 Mortiizia‘re,
160 2331 208 2366 Dict.
222 2330 288 2366 d’liist.
304 2333 322 2366 et
341 2330 365 2366 de
384 2330 450 2382 geogr.
470 2331 515 2366 eccl.
536 2332 542 2367 1
562 2333 606 2375 5353
626 2332 723 2367 Manilius
741 2332 757 2367 ll
777 2333 818 2368 284.

29 2387 56 2423 Ci.
70 2400 149 2436 quoque
163 2390 187 2427 0.
202 2390 281 2426 Goerris
293 2391 312 2427 S.
326 2391 347 2435 I.,
361 2390 390 2426 De
404 2391 535 2427 denkbeelden
549 2402 595 2427 over
608 2391 678 2437 oorlog
691 2403 714 2427 en
728 2392 752 2427 de
768 2392 818 2427 bem.

28 2458 76 2483 voor
88 2450 145 2485 vrede
159 2450 178 2485 in
192 2450 260 2486 dexi.
274 2460 329 2485 eeuw
342 2449 401 2494 (Diss.
416 2450 486 2486 Leiden
500 2450 554 2495 1912)
569 2451 608 2487 139.

83 2507 87 2528 ¹
102 2509 212 2551 Gerbertus
223 2511 278 2545 natus
287 2520 302 2544 c.
313 2510 353 2553 940,
363 2510 446 2554 primum
456 2511 562 2546 monachus
571 2510 707 2546 Auriliacensis
714 2510 818 2555 (Auritlac),

29 2565 98 2603 deinde
110 2569 235 2604 scholasticus
250 2569 354 2613 Remensis‚
368 2569 402 2605 983
415 2569 475 2605 abbas
486 2569 586 2605 Bobiensis
596 2568 694 2615 (Bobbio),
703 2571 736 2607 991
748 2570 818 2606 electus

29 2625 183 2674 archiepiscopus
198 2628 301 2672 Remensis,
315 2629 349 2665 998
365 2629 447 2674 archiep.
464 2629 598 2671 Ravennensis,
618 2630 709 2666 999-1003
730 2629 818 2665 Pontifex

29 2682 116 2723 Silvester
129 2688 150 2723 ll.
168 2687 197 2723 Cf.
210 2687 307 2724 Manilius
320 2688 335 2723 11
349 2688 393 2732 729;
415 2688 536 2725 Martenouca
550 2689 556 2724 l
570 2689 615 2732 4603
635 2688 737 2735 Uebemeg
749 2689 764 2724 ll
780 2690 818 2726 181.
