1924 3132
302 167 395 197 neonem
410 166 459 197 non.
473 166 601 195 nonrrrrcon
822 160 843 194 21

58 285 158 334 Gregorii
174 286 200 326 ad
215 286 277 325 unius
293 286 428 335 episcopatus
443 286 595 325 continentiam
613 285 724 334 copulatae
740 288 759 325 et
775 286 845 325 unitae

58 351 154 391 luissent.
171 351 285 399 Propterea
300 364 325 391 ex
340 354 398 400 parte
413 351 478 391 sancti
495 339 552 391 Petri
565 353 585 390 et
600 353 671 391 nostra
690 362 803 391 monemus
820 362 846 390 ne

59 416 187 465 praedictam
203 415 354 456 Arausicanam
366 416 480 456 Ecclesiam
492 416 584 465 amplius
599 428 610 455 a
624 416 741 455 Tricastina
752 415 845 456 Ecclesia

58 493 155 531 separare
171 493 301 531 praesumas,
319 482 357 521 sed
375 481 506 530 praedictum
525 481 642 522 Geraldum
661 482 786 530 episcopum
802 481 846 530 epi-

58 547 138 595 scopali
153 548 199 596 jure
214 549 234 586 et
250 546 382 596 providentia
396 546 453 594 juxta
468 547 631 587 constitutiones
641 547 767 587 sanctissimi
782 547 846 595 patris

58 612 158 661 Gregorii
175 624 221 652 eam
236 612 385 652 Tricastinensi
402 613 507 652 Ecclesiae
523 611 657 659 coniunctam
679 623 752 661 regere
769 614 789 652 et
809 623 846 661 gu-

58 678 147 718 bernare
162 678 278 727 permittas.
295 677 360 724 Quod
375 679 392 718 si
408 689 451 718 non
466 677 548 725 feceris,
564 678 618 717 scias
628 680 648 717 te
659 679 679 717 et
690 689 766 717 omnes
776 677 796 716 in
808 677 847 717 hac

59 754 121 783 causa
136 742 173 783 tibi
189 744 345 783 consentientes
356 755 381 782 ex
392 745 450 792 parte
465 743 519 783 beati
536 743 590 783 Petri
607 746 627 783 et
642 745 713 783 nostra
724 754 846 783 excommu-

59 809 140 848 nicatos
155 820 209 854 esse,
225 810 245 848 et
260 820 324 848 omne
340 808 435 848 divinum
451 808 546 848 officium
563 820 601 857 per
615 811 680 848 totam
696 810 773 847 terram
789 810 846 847 tuam

59 873 160 921 suspendi
176 873 319 913 decrevimus.-

108 946 138 982 PL
152 948 191 991 ten,
206 948 260 991 1385;
274 947 296 983 IL
309 948 362 983 4711.

434 1058 488 1100 121.

115 1152 173 1198 1072,
196 1151 245 1190 Mai
261 1152 282 1190 3.
301 1150 423 1190 Alexander
438 1151 460 1189 II
475 1150 569 1190 Elliardi
586 1150 709 1190 abbatissae
724 1150 849 1190 manasterii

59 1216 82 1256 S.
98 1215 156 1255 Petri
170 1216 192 1256 in
207 1215 307 1256 subarata
322 1215 491 1256 Barchinaaensr'
510 1213 564 1263 (San
579 1215 647 1256 Pedro
662 1215 687 1255 de
702 1216 735 1255 las
752 1215 847 1265 Puellas,

62 1281 88 1322 Ο,
98 1281 120 1321 S.
129 1282 155 1321 Β.
171 1280 389 1327 Bareelaaa-Sarrial.

147 1383 186 1411 nec
201 1371 261 1411 alicui
278 1371 339 1411 liceat
354 1372 506 1411 monasterium
522 1371 598 1411 iniuste
613 1372 800 1411 excommunicare
814 1374 849 1411 aut

60 1436 208 1483 exconciliare,
224 1436 281 1476 salva
296 1437 420 1476 auctoritate
435 1436 531 1478 Romane
546 1436 642 1476 ecclesie.

108 1507 160 1544 Paal
171 1507 228 1552 Kelrr,
248 1507 346 1554 Papsmrl.
360 1508 378 1543 in
392 1508 481 1554 Spanien,
498 1509 510 1544 l.
530 1508 646 1553 Katalanien,
665 1509 706 1544 270.
726 1508 849 1554 Privilegium

60 1568 166 1603 interventu
181 1567 254 1603 abbatis
270 1578 321 1603 mon,
339 1567 356 1603 S.
373 1567 477 1611 llllichaeliS,
493 1567 517 1603 O.
531 1568 548 1604 S.
563 1567 577 1602 Β
591 1566 636 1612 (San
652 1566 733 1613 Nliguel)
749 1568 849 1610 obtentum

61 1628 93 1662 est.
109 1626 132 1662 IL
145 1647 156 1652 -

436 1737 491 1778 122.

117 1807 174 1877 1073}
190 1830 242 1869 Dee.
257 1831 279 1869 4.
297 1830 414 1878 Gregorius
432 1829 471 1868 Vll
483 1829 571 1874 Raelirza
586 1830 683 1878 episcopa
702 1829 851 1870 Cabillaueasi

61 1891 301 1942 (Clzalaa-sar-Saaae).

116 1984 171 2024 lnter
186 1986 268 2024 ceteros
283 1984 349 2024 nostri
365 1983 428 2033 hujus
442 1985 546 2033 temporis
562 1985 675 2033 principes,
688 1985 723 2033 qut
739 1984 850 2025 ecclesiam

62 2051 101 2090 Dei
117 2061 215 2099 peruersa
226 2050 341 2099 cupiditate
351 2049 495 2090 venundando
510 2050 640 2099 dissiparunt
650 2052 670 2090 et
681 2053 769 2090 matrem
781 2061 850 2098 suam,

62 2116 94 2155 cui
113 2127 138 2154 ex
156 2115 265 2155 dominico
285 2117 385 2164 precepto
404 2115 509 2155 honorem
528 2118 548 2156 et
566 2116 705 2155 reverentiam
726 2115 850 2162 debuerant,

62 2180 154 2221 ancillari
166 2180 298 2221 subiectione
309 2181 393 2229 penitus
403 2181 562 2228 conculcarunt,
572 2180 695 2230 Philippum
707 2193 779 2230 regem
789 2181 852 2221 Eran-

62 2257 136 2286 corum
148 2245 269 2286 Gallicanas
284 2245 384 2286 ecclesias
399 2247 516 2285 intantum
532 2247 664 2295 oppressisse
679 2249 735 2286 certa
750 2246 852 2286 relatione

63 2311 184 2358 didicimus,
200 2313 222 2353 ut
237 2311 263 2350 ad
279 2323 387 2351 summum
402 2314 445 2351 tam
461 2311 578 2351 detestandi
590 2311 653 2360 hujus
663 2311 764 2351 facinoris
779 2323 853 2351 cumu-

63 2377 106 2416 lum
123 2376 244 2425 pervenisse
259 2376 362 2417 videatur.
379 2376 450 2423 Quam
466 2388 510 2416 rem
524 2377 550 2417 de
561 2389 627 2425 regno
639 2377 675 2417 illo
686 2379 744 2417 tanto
756 2376 852 2426 proiecto

63 2442 150 2482 tulimus
170 2441 387 2492 molestiusouanto
405 2445 425 2482 et
444 2441 555 2490 prudentia
574 2444 594 2482 et
613 2442 716 2491 religione
734 2445 755 2482 et
772 2442 853 2482 viribus

63 2507 158 2547 noscitur
172 2507 237 2547 luisse
252 2508 360 2556 potentius
375 2510 395 2547 et
410 2519 460 2555 erga
476 2508 593 2549 Romanam
609 2508 720 2547 ecclesiam
734 2508 802 2547 multo
817 2507 852 2547 de·

63 2573 140 2613 votius.
161 2573 185 2612 Et
203 2584 242 2612 nos
260 2572 347 2621 quidem
366 2575 408 2612 tam
427 2572 532 2622 generalis
544 2562 623 2613 'nosne
640 2584 690 2613 cura
704 2572 854 2613 sollicitudinis

64 2650 127 2687 quam
144 2639 237 2687 ipsarum
253 2638 368 2678 destructio
383 2639 520 2678 ecclesiarum
535 2637 673 2678 vehementer
687 2639 819 2685 accenderat,
832 2641 855 2678 ut

64 2705 84 2744 in
100 2706 142 2743 tam
158 2704 249 2743 audaces
263 2707 335 2744 sancte
350 2704 460 2753 religionis
473 2715 571 2744 excessus
581 2705 675 2744 severius
687 2704 855 2744 animadvertere
