1924 3132
314 156 442 193 SCRIPTORES,
456 157 567 185 EPISTOLAE
811 151 846 184 23-

49 277 128 326 flagitia
139 278 292 325 perpetrentur,
309 277 341 316 vel
357 278 475 325 perpetrata
490 277 536 316 sine
551 276 682 316 correctione
693 276 834 316 ecclesiastica

0 336 5 396 Ϊξ
49 354 90 384 non
107 344 236 382 remaneant.
252 343 285 382 Ne
300 342 380 391 parvuli
396 342 441 381 sine
457 342 624 390 regenerationis
639 344 772 381 sacramento
788 353 833 381 mo-

0 397 4 407 ’
48 410 133 448 riantur.
150 407 182 446 Ne
197 407 241 446 sani
257 407 355 447 homines
370 406 451 456 absque
471 406 629 455 praedicatione
649 409 669 446 et
689 407 832 447 ecclesiastico

0 507 3 526 ,
49 472 165 514 ministerio
189 472 248 512 fiant.
265 473 297 512 Ne
313 472 391 512 infirmi
407 473 452 512 sine
468 473 597 521 poenitentia
615 474 635 511 et
653 472 833 518 reconciliatione,

0 556 2 570 ·
49 551 72 579 ac
95 537 160 577 sancti
185 537 226 577 olei
251 538 351 577 unctione
375 539 395 577 et
419 538 495 577 viatico
521 549 608 578 munere
633 537 659 578 de
684 537 724 577 hoc
748 537 834 578 saecuto

45 603 129 645 exeant.
153 603 185 643 Ne
207 603 285 643 mortui
307 603 423 652 sepeliendi
447 602 528 650 officio,
551 605 571 642 et
594 604 627 652 pia
647 603 835 643 commendatione

48 668 165 710 secundum
181 668 316 708 traditionem
332 668 495 709 ecclesiasticam
511 668 583 717 aliquo
598 668 665 709 modo
680 671 771 708 careant.

97 743 159 779 Mansi
173 743 215 779 XVI
229 744 273 787 8263
287 743 317 778 PL
332 744 371 788 126,
385 744 425 778 531.

102 866 121 893 e.
137 873 163 877 —
180 854 226 892 871.
244 853 276 893 Ex
290 853 404 893 Hincmari
416 852 496 893 Libello
511 852 694 901 expostulationis.

102 937 126 976 In
141 935 229 976 concilio
244 935 266 975 in
282 935 332 975 villa
341 936 412 976 Douci
423 933 492 985 (apud
500 937 601 985 Mouson,
617 935 699 984 de‘part.
715 933 835 983 Ardennes)

49 1002 179 1042 Hincmarus
193 1001 304 1046 Remensis
319 1002 465 1041 accusationes
479 1013 531 1041 sicas
546 1003 619 1041 contra
633 1001 772 1041 Hincmorum
782 1001 836 1040 Lau-

49 1067 163 1107 dunensem
178 1067 201 1107 in
216 1067 313 1115 Seedula,
329 1068 373 1107 sive
386 1066 466 1107 Libello
484 1066 660 1116 expostulationis
681 1067 703 1106 in
719 1067 748 1106 35
762 1066 836 1115 capiti·

50 1133 89 1173 bus
101 1132 198 1182 protulit.
214 1133 238 1171 In
253 1132 288 1172 iris
302 1132 425 1182 allegantur
438 1145 463 1172 ea
477 1144 566 1182 otioque,
582 1144 637 1182 oriae
650 1131 799 1172 Laudunensis
809 1131 838 1171 ad

49 1210 109 1238 stiam
124 1198 267 1247 defensionem
282 1198 425 1246 responderat.
441 1199 475 1238 De
489 1200 563 1238 nostro
579 1198 703 1247 orzaestione
720 1198 767 1247 agit
783 1198 838 1238 inter
866 1233 867 1236 ,

50 1264 94 1304 alia
109 1264 130 1303 in
146 1276 163 1303 c.
179 1265 221 1303 28:
549 1274 552 1278 ·

103 1328 179 1369 Scribit
195 1327 240 1375 (sel.
257 1326 410 1375 Laudunensis)
426 1330 489 1369 etiam
507 1330 527 1369 in
546 1329 622 1371 Rotula
643 1341 707 1378 quam
730 1341 768 1378 per
789 1328 836 1369 Cla-

50 1396 140 1435 rentium
156 1394 301 1443 presbyterum
317 1406 379 1434 suum
395 1394 445 1434 mihi
461 1395 577 1435 transmisit
598 1395 639 1434 hoc
661 1394 739 1447 modo:
765 1394 835 1434 «Tam

50 1461 172 1500 intentative
187 1461 207 1500 in
222 1459 328 1500 Attiniaco
344 1460 370 1500 de
385 1460 606 1501 excommunicatione
621 1467 632 1500 ¹a
648 1472 682 1500 me
697 1461 717 1500 in
736 1459 837 1509 parochia

51 1538 97 1566 mea
118 1526 172 1565 iacta
194 1527 335 1575 interrogatus
350 1538 406 1565 sum.
422 1525 582 1566 Tantummodo
598 1526 639 1565 hoc
654 1527 733 1566 interea
756 1525 835 1574 pando,

51 1603 76 1631 eo
91 1591 150 1641 quod
165 1603 204 1631 vos
219 1591 335 1631 inauditam
351 1591 407 1631 iilam
423 1604 447 1631 ac
462 1594 536 1632 contra
551 1591 698 1641 Apostolicam
709 1591 836 1638 doctrinam,

50 1660 70 1696 et
85 1659 158 1697 contra
173 1657 337 1697 ecclesiasticam
352 1658 461 1697 veritatem
479 1657 544 1697 tuisse
562 1657 659 1697 asseratis
680 1657 765 1697 iactam.
788 1657 837 1696 Non

51 1722 112 1762 aliam
129 1722 185 1762 illam
201 1722 248 1769 teci,
265 1734 329 1771 quam
345 1735 356 1762 a
371 1724 439 1763 vestra
454 1723 514 1763 vivae
529 1724 588 1763 vocis
605 1723 702 1763 doctrina
719 1721 837 1762 taciendam

51 1787 122 1835 didici,
139 1790 160 1827 et
175 1800 212 1828 vos
227 1800 251 1827 ea
266 1800 321 1837 quae
337 1789 381 1827 iure
396 1788 534 1836 destruxistis,
551 1787 577 1828 ab
589 1800 611 1828 re
625 1788 738 1828 aedificare
749 1800 791 1827 non
803 1788 838 1827 de-

51 1852 112 1893 betis.
129 1854 198 1894 immo
221 1856 241 1893 et
262 1865 326 1902 quam
343 1854 363 1893 in
379 1854 474 1896 Romana
496 1854 546 1894 sede
568 1854 693 1903 apostolica
714 1854 838 1894 auctoritate

52 1920 143 1968 cognovi
159 1920 307 1968 praeinditam,
330 1922 350 1960 et
372 1919 398 1959 de
414 1932 455 1969 qua
472 1920 570 1960 eamdem
586 1919 637 1959 mihi
652 1919 726 1960 sedem
742 1919 839 1959 declamo

51 1984 97 2023 iore
112 1986 237 2025 auctricem:
254 1986 314 2025 cuius
329 1985 415 2025 interest
437 1988 457 2025 et
479 1985 505 2025 de
523 1985 557 2025 illa
572 1998 583 2025 a
598 1997 632 2024 me
647 1986 701 2025 iacta
717 1996 838 2025 excommu-

51 2050 157 2091 nicatione
172 2051 273 2098 iudicare,
290 2053 310 2090 et
325 2051 351 2090 de
366 2052 434 2091 vestra
450 2051 580 2092 resolutione
595 2051 709 2091 decernere
720 2068 737 2091 v.

104 2115 137 2156 Ad
153 2127 208 2165 quae
223 2116 344 2157 rescribo...

105 2182 183 2222 Miiltis
195 2182 262 2222 verbis
277 2183 299 2222 in
314 2182 353 2223 icoc
367 2183 435 2231 capite
449 2183 535 2232 exponit
548 2183 681 2223 interdictum
691 2182 840 2223 Laudunensis

52 2247 145 2297 episcopi
161 2250 235 2288 eontra
252 2248 309 2298 leges
326 2248 425 2289 ecclesiae
436 2248 517 2298 juisse.
535 2249 559 2288 ln
574 2261 592 2289 c.
606 2250 642 2289 29.
659 2248 728 2289 reiicit
741 2248 840 2298 offirma-

53 2313 129 2353 tionem
151 2314 307 2363 Lauduuensis,
330 2327 353 2354 se
374 2314 396 2353 in
418 2326 458 2354 sua
479 2314 690 2355 excommunicatione
710 2314 840 2354 solummodo

53 2379 168 2428 exemplum
182 2379 293 2424 Remensis
308 2379 461 2429 orcuiepi'scopi
474 2382 567 2420 secutum
582 2392 640 2420 esse:

106 2445 131 2484 Et
148 2446 197 2494 quia
216 2446 351 2485 mendacium
369 2448 412 2485 erat
430 2445 488 2495 quod
505 2446 564 2493 dixit,
587 2458 621 2486 me
644 2446 840 2486 excommunicasse

53 2508 151 2551 homines
166 2511 227 2552 villae
238 2511 265 2551 de
276 2512 321 2560 ipsa
332 2512 437 2552 rusticana
453 2512 561 2561 parochia,
577 2515 597 2552 et
613 2511 703 2552 infantes
718 2513 763 2551 sine
773 2511 840 2560 bapti-

52 2578 126 2623 smate,
149 2579 170 2616 et
190 2577 288 2617 homines
305 2577 351 2617 sine
368 2578 522 2617 communione
540 2578 560 2616 in
578 2590 601 2618 ea
620 2577 841 2618 excommunicatione

38 2634 101 2681 'inde
123 2642 213 2689 obiisse;
237 2654 287 2683 mox
309 2642 337 2682 iili
360 2643 490 2690 remandavi,
507 2644 609 2692 quoniam
632 2643 682 2683 nulli
703 2655 797 2692 unquam
820 2644 841 2682 in

54 2717 100 2747 mea
123 2708 230 2757 parocbia,
256 2711 369 2758 postquam
391 2709 420 2749 fui
440 2708 550 2749 ordinatus
565 2710 687 2758 episcopus,
702 2709 841 2759 baptismum,
