1975 3157
161 172 184 206 St]
436 178 529 208 oecnern
543 178 673 208 sruooonuu

162 302 218 338 ratus
234 297 327 344 infamia,
344 298 432 337 lronoris
447 299 478 337 sui
495 298 611 347 periculum
628 299 731 338 incurrat:
743 300 763 337 et
773 296 854 337 tamdiu
865 308 949 337 excom-

163 364 281 403 municetur
291 365 312 403 et
321 366 376 403 terra
391 375 429 402 sua
444 363 587 409 interdicatur,
600 363 701 411 quamdiu
713 363 813 402 ecclesiae
830 362 950 403 satisfacere

162 428 273 468 distulerit.
290 428 322 467 De
337 429 424 467 caeteris
439 440 489 467 vero
503 428 585 468 clericis
600 439 705 467 canonum
725 430 820 467 teneatur
839 428 949 468 sententia.

216 493 242 533 V.
258 493 364 539 Quotiens
379 493 455 541 aliquis
471 493 571 533 ecclesiae
586 494 673 533 antistes
683 505 708 532 ex
719 492 758 532 hac
768 494 809 533 vita
821 493 949 540 migraverit,

163 558 217 598 duae
232 558 258 597 de
274 558 398 598 melioribus
413 558 509 605 eiusdem
525 559 626 598 ecclesiae
643 570 746 607 personae
768 558 880 606 eligantur,
897 569 951 605 quae

164 635 196 662 res
211 624 306 671 episcopi
329 622 430 670 defuncti,
447 624 561 671 sicutipse
583 623 725 671 disposuerat,
741 622 833 662 fideliter
854 625 950 669 tractent,

164 691 183 728 et
198 700 252 736 quae
267 688 294 727 ad
309 689 456 737 episcopatum
472 689 577 736 pertinent
587 700 712 728 successuro
728 688 806 736 pastori
818 690 951 728 conservent.

164 752 229 799 Quod
244 755 260 793 si
281 754 357 801 aliquis
378 757 479 801 tyrannus
501 765 534 793 res
556 754 658 802 episcopii
682 754 765 793 interim
788 754 894 799 invaserit,
917 756 952 793 aut

164 819 285 859 violaverit:
302 819 517 859 excommunicationi
533 818 648 865 subjaceat,
665 821 685 858 et
700 818 788 858 ecclesia
804 819 864 862 illaa
880 818 952 857 divino

165 887 232 924 cesset
247 884 327 931 officio,
344 888 364 924 et
379 885 472 924 minores
487 883 588 923 ecclesiae
603 886 703 932 tanquam
716 884 776 923 matri
788 883 952 932 compatiantur,

165 961 277 998 quousque
293 950 357 998 digna
371 949 486 988 satisfactio
501 948 650 997 subsequatur.

218 1014 273 1054 XVl.
290 1014 389 1054 Monaclri
406 1014 464 1053 nullo
480 1013 546 1053 modo
562 1014 664 1062 recipiant
679 1014 705 1053 ad
721 1014 860 1062 sepulturam,
877 1013 952 1053 autad

165 1079 276 1127 quodlibet
291 1080 386 1119 diuinum
402 1079 506 1127 otlicium,
523 1080 727 1125 excommunicatos,
743 1082 779 1118 aut
794 1082 897 1128 raptores
916 1081 951 1117 aut

168 1145 299 1184 interdictos.

215 1219 284 1254 Mansi'
296 1219 330 1254 XX
343 1219 378 1255 935
391 1229 415 1254 ss.

543 1343 582 1385 76.

223 1438 280 1484 1100,
297 1435 346 1476 Oct.
363 1436 460 1485 Syrzodus
474 1435 623 1485 Melplzr'ensis.
639 1436 736 1475 Annales
750 1437 900 1477 Beneventani.

223 1527 280 1566 1100,
297 1524 357 1565 Obiit
372 1525 473 1565 Clemens
489 1537 550 1574 papa,
568 1526 667 1564 intrusus.
679 1524 740 1565 Obiit
756 1526 859 1575 Rogerius
874 1538 954 1567 comes

168 1591 274 1630 Paschalis
286 1602 339 1639 papa
351 1590 461 1630 descendit
472 1591 492 1629 in
503 1590 610 1639 Apuliam,
623 1593 643 1630 et
653 1590 702 1630 tecit
713 1591 818 1639 synodum
831 1592 851 1630 in
863 1591 956 1640 Melplria

168 1668 240 1696 mense
263 1655 371 1703 Octobris,
388 1659 408 1695 et
428 1656 620 1695 excommunicavit
642 1655 812 1696 Beneventanam
834 1658 955 1703 civitatem3

168 1726 187 1762 et
204 1722 318 1771 permansit
334 1722 361 1762 ita
376 1722 559 1762 excommunicata
579 1733 663 1762 menses
679 1723 710 1769 ll,
728 1722 773 1762 dies
787 1724 820 1763 21.

216 1798 277 1833 non
291 1797 357 1843 Scripr.
371 1798 394 1832 m
410 1798 449 1833 rsa.

544 1922 583 1963 77.

224 2018 282 2055 1112.
314 2015 376 2055 Cone.
406 2015 506 2065 Aquense
534 2013 749 2063 (arx-en-Provence).
779 2016 958 2066 Archr'epr'scopus

169 2081 277 2131 Antiensis
292 2082 407 2131 qrzotarznls
421 2083 518 2130 qrzartarn
539 2083 620 2129 partem
635 2081 727 2121 munium
743 2082 847 2122 redituum
862 2082 958 2122 ecclesia-

169 2159 214 2186 rum
229 2147 424 2196 archiepiscopatus
438 2146 528 2195 recipere
542 2146 609 2186 debet.

224 2232 259 2270 lll.
275 2230 295 2270 Si
312 2231 359 2280 quis
374 2232 455 2285 veroin
467 2230 571 2270 solvendo
587 2233 660 2279 quarta
676 2233 734 2280 parte
750 2232 818 2281 magis
834 2232 959 2272 inobediens

170 2297 266 2343 extiterit,
279 2300 327 2345 post
342 2298 424 2336 tertiam
440 2296 609 2336 admonitionem
625 2296 698 2336 olticio
714 2297 863 2346 suspendatur.
876 2297 896 2337 Si
908 2310 958 2338 vero

171 2365 218 2410 post
233 2363 268 2401 XL
283 2363 327 2402 dies
343 2363 363 2401 in
379 2362 512 2401 contumacia
528 2363 675 2410 permanserit,
687 2365 709 2402 ut
722 2366 794 2411 raptor
809 2365 829 2403 et
844 2364 959 2413 sacrilegus

170 2428 196 2467 ab
207 2428 265 2467 omni
281 2428 356 2467 ordine
372 2428 498 2476 deponatur.
512 2427 616 2467 Ecclesiae
627 2428 690 2467 etiam
702 2428 722 2466 in
733 2427 811 2476 quibus
822 2428 874 2468 lraec
885 2428 959 2476 injuria

170 2493 224 2533 tacta
239 2493 308 2541 tuerit,
325 2493 402 2532 divinis
417 2495 501 2532 careant
516 2492 601 2532 olticiis.

218 2568 310 2611 Murteae,
323 2567 380 2603 Thes.
394 2578 437 2603 nov.
451 2577 516 2612 anecp.
531 2567 556 2603 lV
570 2569 619 2603 iaus.
635 2567 663 2603 Cl.
676 2567 745 2611 Hafele
758 2568 774 2604 V
787 2570 827 2604 322.
843 2569 890 2605 Acta
904 2568 960 2616 liujus

171 2626 250 2663 Concilii
264 2627 368 2663 accuratius
380 2627 438 2663 edidit
450 2627 480 2663 Ul.
489 2626 592 2670 Clzevnlr‘er,
603 2626 665 2663 Gallia
674 2627 742 2664 Christ.
754 2628 863 2664 Novissima
878 2628 883 2663 l
898 2628 959 2673 (1809)

173 2687 225 2722 lustr.
240 2698 257 2732 p.
271 2688 312 2722 711.
326 2687 343 2722 b.
