1975 3157
128 190 151 225 60
208 177 212 181 ⁴
373 197 466 227 oecaera
481 198 531 227 aon.
545 198 673 227 aourmcoir

128 328 167 356 nec
182 328 221 366 pro
236 317 345 357 communi
357 316 467 366 parrochie
479 317 590 358 interdicto
602 318 662 358 locus
673 317 729 358 idem
741 330 752 358 a
762 317 839 359 divinis
850 322 917 359 cesset

129 382 215 423 officiis.

176 457 263 504 Pflugk·
271 458 372 504 Haitlung
384 458 390 494 l
404 459 427 494 80
440 469 466 494 nr.
480 460 512 502 89;
531 459 553 494 ll.
566 459 619 496 5989,

503 594 559 635 223.

185 699 242 744 1105,
258 699 304 737 Ian.
321 699 339 737 I.
355 698 469 738 Pascbalis
483 698 506 737 II
517 698 645 737 monasterio
659 698 793 746 braniensi,
812 698 838 740 O.
850 699 873 740 S.
889 699 916 740 B.

130 762 285 813 (St-Benigne,
301 763 377 812 Dijon,
393 763 414 803 d.
430 762 541 813 langres).
776 759 778 764 ’

184 852 299 893 Statuimus
316 855 395 899 autem,
411 865 437 892 ne
452 852 478 893 ab
493 853 597 902 episcopo
607 852 639 893 vel
651 853 752 893 ministris
763 853 919 902 linguonensis

130 918 218 958 ecclesie
233 916 342 967 (tangres)
358 918 429 958 divina
444 919 573 958 monasterio
589 921 659 958 vestro
678 919 828 959 interdicamur
839 919 918 966 officia,

130 983 168 1023 sed
182 983 283 1023 continue
297 983 437 1030 celebrentur,
453 983 492 1023 nisi
508 983 588 1023 eisdem
600 984 668 1023 causis
678 983 752 1023 fratres
763 995 845 1024 cessare
855 996 919 1033 opor-

131 1051 179 1095 teat,
196 1060 237 1097 que
251 1049 308 1088 sedis
323 1049 440 1097 apostolice
456 1048 545 1097 presulis
560 1048 668 1088 Benedicti
684 1048 860 1089 determinatione
878 1049 919 1089 dis·
979 1041 981 1045 ’

130 1113 194 1153 tincte
209 1116 283 1160 sunt„

185 1178 325 1217 Decernimus
339 1179 417 1227 itaque,
434 1180 457 1217 ut
472 1177 522 1217 nulli
538 1178 627 1217 omnino
643 1177 754 1218 hominum
778 1178 846 1225 liceat,
863 1178 919 1218 idem

131 1243 283 1282 monasterium
299 1245 378 1282 temere
394 1243 542 1291 perturbare...
559 1242 636 1291 quibus
652 1241 705 1289 (scil.
718 1241 833 1292 episcopis)
849 1246 919 1299 tamen

132 1320 170 1348 nec
185 1309 236 1357 ipsis
251 1320 290 1348 nec
304 1320 379 1348 eorum
395 1308 496 1348 ministris
511 1308 579 1355 liceat,
595 1308 679 1348 cenobii
695 1309 757 1349 vestri
773 1309 873 1349 ecclesias
891 1310 920 1349 in·

118 1373 191 1421 *justis
213 1373 396 1414 interdictionibus
418 1374 514 1423 fatigare,
535 1373 637 1422 quamdiu
653 1373 695 1413 illic
709 1374 821 1414 monastici
840 1373 921 1415 ordinis

132 1440 200 1489 vigor,
217 1440 306 1479 domino
321 1442 434 1489 prestante,
451 1440 597 1489 permanserit.

179 1514 375 1561 Pfluglr-Harttung
387 1515 393 1550 l
407 1516 430 1552 83
443 1526 470 1551 nr.
483 1515 512 1559 91,
526 1515 558 1561 qni
572 1515 596 1551 de
609 1515 749 1551 authenticitate
763 1515 873 1551 documenti
887 1515 921 1551 du-

132 1574 186 1618 bitat;
200 1574 223 1610 ll.
236 1574 288 1611 6004.
303 1574 446 1611 Documentum
459 1585 517 1620 supra
531 1577 657 1611 memoratum
673 1575 769 1611 Benedicti
782 1575 824 1612 Vlll
839 1586 855 1611 a.
870 1576 921 1618 1012,

133 1634 182 1670 Nov.
195 1635 224 1679 30,
237 1634 256 1670 in
270 1645 309 1680 quo
323 1634 407 1671 Brunoni
425 1635 517 1681 episcopo
537 1635 632 1681 ligonensi
652 1635 788 1671 monasterium
801 1634 827 1671 St.
841 1634 921 1680 Benigni

133 1695 261 1738 commendat,
274 1695 317 1730 vide
327 1695 354 1730 ll.
367 1695 419 1731 3991.

454 1874 456 1877 .
507 1830 563 1871 224.

189 1936 247 1982 1105,
263 1935 330 1974 Mart.
346 1935 381 1982 20,
396 1933 510 1974 Pascaairs
524 1934 547 1973 ΙΙ
560 1934 688 1974 [ποηαείενίο
703 1934 725 1974 S.
741 1934 851 1974 Benedicti
860 1945 924 1983 super

133 2000 216 2040 Padurn
231 1998 284 2045 (Son
298 1999 419 2048 benedetto,
435 1999 457 2039 d.
473 1998 583 2045 Mantua).

187 2089 233 2129 Nec
252 2089 352 2129 cellarum
370 2091 494 2137 vestrarum,
513 2088 602 2129 ubilibet
622 2089 748 2138 positarum,
766 2088 841 2128 tratres
861 2088 923 2128 inter-

134 2155 227 2195 dictione
242 2155 274 2194 vel
290 2154 510 2194 excommunicatione
526 2154 636 2203 parrochie
656 2154 777 2194 divinorum
800 2153 922 2194 officiorum

134 2221 296 2269 suspensionem
308 2221 420 2269 patiantur,
436 2219 474 2259 sed
489 2222 531 2259 tam
548 2219 646 2259 monachi
663 2219 710 2267 ipsi,
729 2230 792 2279 quam
804 2218 876 2258 famuli
888 2231 923 2259 eo-

135 2298 189 2332 rum,
201 2286 266 2334 etqui
282 2297 305 2325 se
323 2286 439 2325 monastice
450 2284 577 2333 professioni
589 2284 728 2330 devoverunt,
740 2284 816 2323 clausis
827 2283 923 2324 ecclesia-

134 2362 181 2390 rum
195 2351 272 2399 januis,
289 2362 331 2390 non
346 2349 444 2390 admissis
459 2350 586 2396 diocesanis‚
603 2349 674 2389 divine
689 2349 795 2389 servitutis
808 2348 879 2388 otlicia
890 2360 924 2388 ce-

135 2415 217 2455 lebrent
231 2418 251 2455 et
265 2415 373 2464 sepulture
388 2414 459 2455 debita
475 2416 584 2463 peragant.

190 2481 330 2530 ...episcopus
345 2480 498 2520 Mantuanus...
515 2479 612 2520 abbatem
624 2479 656 2519 vel
668 2478 787 2520 monachos
802 2491 924 2519 excommu-

136 2547 213 2594 nicare,
230 2547 281 2596 ipsis
296 2546 328 2586 vel
344 2546 383 2595 ipsi
399 2545 505 2587 coenobio
526 2546 680 2586 interdictionis
699 2545 824 2585 sententiam
844 2544 925 2594 absque

136 2614 208 2653 nostra
222 2612 254 2652 vel
270 2623 417 2652 successorum
433 2614 554 2652 nostrorum
573 2611 657 2651 licentia
667 2622 710 2651 non
722 2613 830 2660 presumat
839 2610 923 2651 inferre.

183 2687 380 2733 Pflugla·Hnrtluugr
392 2688 407 2722 ll
422 2688 455 2722 185
469 2697 496 2724 nr.
512 2687 556 2731 2213
576 2686 607 2722 PL
629 2687 668 2731 los,
689 2687 731 2729 148;
751 2686 774 2721 lL
792 2686 849 2729 6012;
869 2685 926 2721 ltalia

136 2746 209 2792 Pontis<
224 2747 259 2785 Vll
273 2748 289 2792 1,
301 2747 343 2783 332.
