1924 3132
302 202 395 234 DECRETA
409 203 459 233 ROM.
473 202 601 231 PONTlFlCUM

432 370 488 413 214.

113 482 171 529 1102,
181 481 247 521 Febr.
270 482 307 521 25.
329 480 443 520 Poscdalis
457 481 479 520 ΙΙ
502 480 605 520 Willelmo
627 479 701 520 abbati
721 479 845 519 monasterii

57 547 141 588 Montis
155 547 256 597 suasoris,
274 546 301 587 0.
310 547 333 587 S.
342 547 368 586 Β.
385 543 670 595 (Montmajour·lez-Arlesl.

113 637 171 676 ...cui
188 634 241 682 (scil.
257 633 369 685 episcopo)
385 635 448 675 etiam
463 634 551 674 facultas
566 634 672 681 nullasu,
688 635 734 674 sine
756 634 846 676 Romani

59 701 166 751 pontificis
181 704 216 741 aut
231 701 293 749 legati
309 701 354 750 ejus
376 700 483 740 audientia
504 700 635 749 saepefatum
658 699 746 746 Maioris
767 700 865 752 Montis,
888 730 890 733 .

59 767 211 806 monasterium
227 765 442 806 excommunicationi
458 765 490 805 vel
508 765 650 805 interdictioni
661 765 765 804 subicere.

106 846 294 893 Pflugk-Horttung
307 846 330 882 lll
344 847 364 882 21
380 847 455 889 nr.'25;
469 845 492 881 IL
505 846 551 882 5893

433 1026 489 1070 215.

115 1139 173 1186 1102,
190 1139 257 1200 Mart.
273 1139 303 1177 ll.
321 1137 435 1177 Pascuaus
457 1137 479 1177 Il
496 1136 602 1186 (joffredo
623 1137 698 1177 abbati
718 1149 774 1177 mou.
801 1137 848 1177 Vin-

60 1202 180 1244 dociuensis
196 1200 313 1250 (Venuome
326 1202 348 1243 d.
367 1199 485 1250 Cbartres).

115 1293 224 1333 Praeterea
240 1293 390 1342 praecipimus,
407 1295 429 1332 uf
444 1294 486 1332 tam
502 1293 523 1332 in
538 1292 691 1332 Vindocinensi
706 1292 761 1340 laco,
784 1304 848 1341 quam

61 1359 81 1397 in
98 1358 204 1408 praedicta
219 1370 280 1398 secus
302 1357 435 1406 Andegavim
459 1355 558 1407 (Angers)
580 1356 601 1397 S.
625 1357 738 1398 Salvatoris
761 1357 849 1398 ecclesia

61 1424 106 1464 sine
122 1424 211 1466 Romani
228 1423 336 1472 pontificis
351 1423 434 1463 licentia
450 1422 501 1462 nulli
517 1423 620 1472 episcopo
635 1423 703 1470 liceat,
723 1424 849 1472 potestatem

61 1488 154 1538 aliquam
170 1491 205 1529 aut
220 1489 389 1529 dominationem
405 1500 502 1528 exercere
517 1490 553 1528 aut
567 1489 753 1528 excommunicare
767 1500 805 1528 seu
821 1489 850 1528 in-

61 1555 171 1602 terdicere,
184 1555 265 1594 etiamsi
274 1555 329 1594 forte
340 1554 460 1602 contigerit,
471 1553 625 1594 Carnotensem
635 1556 670 1594 aut
678 1553 850 1603 Andigavensem

62 1620 150 1669 patriam
174 1632 212 1669 pro
234 1620 302 1669 culpis
324 1619 454 1668 quibuslibet
476 1621 663 1666 excommunicari,
685 1621 712 1659 ita
734 1622 813 1666 tamen,
829 1621 851 1658 ut

62 1685 258 1725 excommunicatos
273 1686 312 1734 ipsi
332 1696 376 1725 non
398 1685 508 1734 recipiant.
531 1685 607 1733 Neque
629 1685 692 1725 etiam
714 1684 810 1724 subditas
832 1684 850 1724 ei

62 1750 133 1797 cellas,
149 1750 271 1800 ubicunque
292 1751 341 1797 sint,
364 1751 549 1790 excommunicare
564 1750 596 1790 vel
612 1750 737 1790 interdicere
752 1751 850 1799 cuiquam

62 1815 130 1863 liceat,
146 1815 185 1856 nisi
201 1815 279 1864 apertis
294 1827 333 1864 pro
351 1816 426 1865 culpis,
449 1818 470 1856 et
484 1827 537 1864 quas
558 1815 724 1855 Vindocinensis
744 1814 810 1855 abbas
832 1816 852 1855 et

62 1881 143 1929 fratres,
159 1881 261 1921 canonice
276 1880 302 1921 ab
311 1881 418 1931 episcopis
427 1881 538 1929 admoniti,
550 1880 665 1921 emendare
675 1881 850 1930 contempserint.

109 1960 290 2007 Pflugk-Hu'rtung
302 1961 325 1998 lll
339 1963 362 1998 22
376 1972 403 1998 nr.
416 1961 547 2005 263115890.

437 2137 493 2179 216.

119 2249 177 2296 1102,
191 2247 261 2297 April.
275 2248 312 2288 20.
328 2247 471 2288 Puscbalisll
487 2247 604 2288 Guaceliuo
619 2248 693 2288 abbati
707 2248 854 2288 canonicorum
884 2241 886 2243 ’

63 2314 131 2364 regul.
147 2314 169 2354 iu
186 2315 256 2354 monte
272 2314 294 2355 S.
310 2313 376 2354 Petri.
398 2311 543 2363 (Pierremout,
561 2314 609 2363 de‘n.
629 2314 715 2363 Vosges,
732 2314 764 2355 st.
784 2315 853 2363 Peter,

63 2379 85 2420 d.
98 2378 174 2426 aretz).

118 2468 138 2509 Si
153 2481 211 2517 vero,
228 2469 286 2518 quod
302 2469 363 2516 absit,
379 2469 434 2509 forte
449 2470 570 2518 contigerit,
587 2469 640 2509 inira
662 2470 738 2509 atrium
761 2471 853 2509 vestrum

55 2534 96 2575 ,vel
112 2534 239 2574 effusionem
255 2534 364 2583 sanguinis
379 2534 411 2574 vel
427 2534 538 2574 verberum
555 2534 671 2574 illationem
687 2535 730 2574 sive
746 2535 766 2574 in
782 2534 854 2582 aliquo

64 2598 127 2647 nujus
142 2598 264 2640 violentiam
280 2599 376 2648 irrogari,
393 2611 528 2649 nequaquam
540 2602 627 2650 propter
637 2599 678 2640 hoc
689 2599 778 2640 ecclesia
786 2602 854 2640 vestra

66 2677 77 2706 a
92 2665 169 2706 divinis
185 2664 323 2715 prohibeatur
338 2665 423 2706 officiis.

114 2746 303 2793 Pflugk-Horffung
315 2747 340 2783 ΙΙΙ
353 2748 376 2783 25
389 2758 416 2783 nr.
430 2748 465 2792 293
480 2748 502 2784 ll.
515 2748 568 2784 5915.
