1924 3132
331 139 460 175 scarnroaes,
473 139 584 167 enrsrotne
829 131 852 166 35

62 264 98 309 bit,
115 260 204 311 periidia
215 261 320 301 malorum
336 261 353 300 si
358 272 369 300 c
385 261 534 300 circunventus
544 262 582 306 est,
595 261 617 299 ut
631 258 657 298 ad
669 271 769 308 praesens
784 271 854 308 neque

62 339 108 375 nos,
124 329 147 366 ut
162 328 253 375 oportet,
270 326 372 366 adiuvare
389 325 502 375 praevalet.
525 326 575 365 Non
593 325 645 364 haec
660 325 739 364 idcirco
755 324 852 372 dixerim,

63 396 84 434 ut
98 391 245 432 fortitudinem
260 392 324 431 animi
340 392 404 431 vestri
416 391 514 440 frangere
530 391 604 437 velim;
620 390 658 430 sed
674 393 696 430 ut
710 402 761 429 sana
775 390 853 430 discre-

63 460 120 499 tione
135 468 219 497 causam
235 459 325 497 vestram
348 459 439 497 tractare
461 457 608 496 memineritis.
632 456 698 504 lgitur
712 456 728 495 si
744 455 816 495 Abbas
832 455 852 496 S.

63 523 170 565 Benedicti
186 522 212 563 de
227 526 297 563 vestro
312 525 437 572 contemptu
465 522 549 571 culpam
572 534 632 562 suam
655 522 811 571 recognoverit,
834 525 854 562 et

63 590 118 630 illam
137 589 238 637 delnceps
259 589 415 629 subiectionem
438 589 567 637 promiserit,
590 600 645 636 quae
667 587 729 647 vobis
751 589 853 628 canonice

0 660 2 685 ἕ
63 654 151 695 debetur
172 654 247 694 hortor
268 658 288 694 et
309 654 398 702 suadeo,
421 657 444 694 ut
465 654 581 708 recipiatis:
603 656 734 693 sacramenta
758 664 809 692 vero
834 657 854 693 et

63 723 138 767 cetera,
161 732 216 768 quae
237 721 263 760 ad
287 720 417 760 mundanam
432 720 502 768 legem
519 720 631 768 pertinent,
653 722 740 768 propter
758 730 853 759 amorem

64 787 126 835 Regis
141 785 228 825 Domini
244 786 308 825 missa
323 785 415 832 iaciatis;
432 787 454 824 ut
470 785 596 833 religionem
612 785 681 832 magis
696 796 760 834 quam
780 796 853 824 saecu-

0 849 3 890 ἒ
63 852 127 891 larem
143 849 281 890 ambitionem
297 862 335 890 vos
350 852 424 890 sectari
437 853 561 899 cognoscat.
573 849 599 889 Al
614 851 631 889 si
646 849 719 890 Abbas
734 851 755 889 in
771 852 850 889 tantam

0 954 1 965 2
63 915 184 964 superbiam
200 916 329 962 intumuerit,
353 918 375 955 ut
394 917 461 964 ipsam
476 926 567 974 'quoque
589 915 745 955 subiectionem
768 917 854 955 canoni-

0 989 2 1021 ζ
63 993 109 1022 cam
125 980 186 1021 vobis
201 980 304 1030 derogare
319 981 434 1020 contendat
449 980 569 1029 superbiae,
586 981 618 1020 cui
635 991 678 1020 non
697 981 763 1030 parcit
785 979 851 1028 Deus,

0 1037 1 1045 ἶ
64 1047 102 1087 Dei
118 1058 191 1086 servus
206 1046 318 1095 quomodo
334 1050 405 1096 parcat
420 1047 500 1086 nescio.
517 1046 597 1086 Valete.
788 1038 790 1041 ¹

116 1135 203 1179 nouauit
216 1134 232 1169 Χ
245 1136 280 1169 448
294 1145 323 1179 ep.
337 1135 357 1177 7;
372 1134 401 1170 PL
416 1136 454 1177 1411
469 1135 503 1169 208
517 1144 546 1179 ep.
561 1136 588 1169 17.

440 1316 480 1359 21.

120 1452 178 1490 1008.
194 1451 263 1499 Epist.
279 1450 375 1489 fulberti
391 1450 478 1490 Carnot.
490 1450 519 1489 orl
532 1450 635 1500 nirosdam
650 1450 792 1490 dioecesanos.

120 1546 230 1586 Fulbertus
255 1546 293 1587 Dei
319 1546 385 1595 gratia
408 1546 527 1595 Episcopus
552 1542 715 1595 [Carnotensis],
739 1546 853 1594 Gunlario,

66 1612 163 1653 Huberto
178 1613 311 1659 Vicecomiti,
328 1613 429 1661 Rogerio
445 1612 550 1660 Bucardo,
570 1612 657 1661 Hugoni
677 1613 722 1653 lilio
745 1613 853 1662 Hugonis,

65 1676 164 1726 Ottredo,
188 1679 310 1726 llamelino,
335 1679 422 1727 Hugoni
447 1678 492 1718 tilio
517 1678 645 1726 Herbrandi,
671 1682 691 1719 et
715 1680 774 1719 uxori
799 1678 852 1719 Gui-

65 1744 160 1791 smandi;
177 1747 197 1784 et
212 1744 312 1784 omnibus
327 1744 367 1783 illis
382 1745 417 1793 qui
433 1746 506 1784 tenent
520 1747 665 1784 casamentum
678 1736 763 1785 sanctae
774 1745 853 1785 Mariae
887 1769 891 1774 ·

65 1808 203 1850 Carnotensis
219 1810 324 1850 Ecclesiae
340 1822 378 1859 per
393 1810 473 1850 donum
489 1809 600 1859 Reginaldi
617 1810 725 1860 Episcopi.
739 1811 800 1864 Voco
815 1804 854 1851 uos

65 1877 85 1913 et
100 1875 207 1914 admoneo
222 1887 247 1914 ex
263 1878 320 1924 parte
336 1875 375 1914 Dei
391 1878 411 1915 ei
426 1878 510 1914 sanctae
525 1875 605 1914 Nlariae
620 1877 640 1914 et
655 1879 734 1923 nostra,
758 1878 780 1915 ut
800 1876 853 1915 intra

66 1941 186 1987 proximum
202 1940 282 1980 Pascha
298 1940 386 1979 veniatis
397 1941 423 1980 ad
436 1952 483 1987 nos,
500 1943 535 1980 aut
550 1943 645 1979 nostrum
657 1941 765 1980 servitium
777 1940 853 1988 iacere,

66 2007 100 2044 aut
116 2005 142 2044 de
157 2005 231 2044 vestris
243 2005 372 2045 casamentis
387 2005 504 2054 legitimam
520 2006 624 2044 rationem
640 2006 736 2045 reddere.
752 2005 819 2051 Quod
836 2007 853 2045 si

65 2081 108 2110 non
123 2071 222 2118 feceritis
235 2070 427 2111 excommunicabo
437 2082 476 2111 vos
487 2073 574 2120 propter
588 2071 740 2111 contumeliam
754 2073 853 2120 vestram,

66 2138 86 2176 et
101 2137 224 2177 interdicam
241 2141 263 2178 ut
278 2149 321 2177 non
336 2137 426 2177 audiatis
441 2137 536 2189 divinum
553 2137 657 2184 officium,
680 2150 719 2178 nec
740 2138 780 2178 vivi
804 2139 854 2179 reci-

67 2203 127 2250 pians
149 2205 332 2249 communionem,
356 2215 425 2253 neque
447 2203 525 2243 mortui
548 2203 686 2252 sepulturam.
713 2203 771 2251 Quin
790 2205 852 2244 etiam

66 2269 175 2309 castellum
191 2269 342 2310 Vindocinium
365 2271 385 2308 et
408 2270 535 2309 territorium
558 2270 604 2309 eius
621 2269 813 2317 anathematizabo,
833 2274 855 2310 ut

67 2333 86 2372 in
109 2335 139 2374 eis
161 2335 256 2374 divinum
272 2334 368 2374 officium
385 2347 427 2374 non
443 2334 568 2382 celebretur,
585 2346 654 2384 neque
677 2338 773 2375 mortuus
794 2347 854 2385 sepe-

65 2398 134 2440 liatur
157 2400 233 2440 Postea
255 2412 305 2440 vero
321 2401 366 2449 ipsa
390 2403 510 2440 casamenta
525 2413 579 2449 quae
597 2401 680 2447 tenetis
704 2404 739 2440 aut
761 2402 795 2440 uni
819 2404 854 2441 aut

66 2463 161 2525 pluribus
176 2464 243 2518 dabo,
260 2465 290 2504 ult
282 2468 313 2504 tra
328 2466 390 2504 etiam
409 2465 520 2505 vobiscum
538 2466 564 2505 cle
583 2465 623 2504 illis
640 2476 683 2505 non
706 2466 853 2543 concordabo.

66 2528 124 2569 Deus
139 2542 177 2569 vos
192 2533 308 2577 convertat
293 2530 361 2569 tiilii
378 2531 431 2570 mei!

114 2615 203 2662 bouquet
196 2616 280 2652 1Χ44Ἱ
294 2627 323 2662 ep.
337 2616 357 2659 o;
371 2615 423 2652 PL]
416 2617 455 2661 141,
468 2615 503 2652 206
517 2626 546 2663 ep.
561 2617 588 2652 10.
