1924 3132
281 181 374 211 oricum
388 182 438 210 nom.
453 181 580 209 Pontificum
802 173 824 207 37

36 312 102 350 risque
119 300 148 340 ad
160 301 243 350 festum
257 300 299 350 Ap.
315 300 374 340 Petri
390 301 411 340 et
426 299 491 340 Pauli
508 299 609 340 reuocatis
627 298 736 340 monachis
756 300 824 339 lome-

36 365 142 406 rieasibus
155 365 248 416 propriis
262 365 372 406 monaalais
388 365 499 409 restituere
515 364 582 405 debet.

90 442 155 489 Quod
166 445 183 483 si
195 444 248 484 ultra
259 444 385 492 prelibatum
397 444 510 484 terminum
520 444 589 482 iacere
600 443 741 490 distuleriunt,
752 441 825 482 inobe-

36 509 118 549 dientes
133 512 153 549 et
168 509 272 549 interdicti
285 510 379 552 Romane
396 509 484 549 ecclesie
499 512 519 548 et
534 508 652 557 apostolice
667 508 713 547 sedi
729 510 790 548 erunt
805 510 825 548 et

36 574 124 614 ecclesie
139 577 159 614 et
175 586 265 624 persone
280 575 306 615 ab
322 575 380 614 omni
396 574 469 614 divino
484 574 558 614 officio
576 574 651 623 privati
667 574 687 613 in
703 585 825 614 excommu-

37 640 142 700 nicatione
158 640 321 689 permanebunt.

90 715 142 750 Paul
153 715 210 759 Kelar,
225 715 322 760 Papsturk.
336 715 354 750 in
368 715 457 761 Spanien,
472 716 484 750 l.
498 715 667 759 Katalanien,2811.
681 714 710 750 Cf.
723 725 780 767 supra
793 714 825 749 de-

37 776 109 810 cretum
117 774 211 823 Dalmatii
224 775 274 810 arch.
288 774 347 810 Narb.
361 775 385 810 de
398 775 433 811 hac
446 774 580 818 controversia,
594 785 610 810 a.
625 775 676 810 1089.
690 774 713 809 lt
726 794 736 800 -

412 883 467 928 155.

93 973 150 1019 1092,
162 971 211 1012 Mai
222 973 242 1011 7.
261 971 361 1012 Urbanus
373 972 395 1011 ΙΙ
408 970 482 1011 abbati
493 971 590 1012 Guariao
609 971 733 1012 monasterii
744 971 824 1012 O.S.B.

37 1037 112 1078 Sancti
125 1037 235 1077 Laurentii
248 1037 315 1077 Mart.
332 1034 428 1084 (Aversa,
445 1035 526 1083 ltalia).

91 1115 167 1163 Neque
185 1115 246 1154 liceat
264 1114 325 1154 alicui
344 1115 447 1164 episcopo
466 1115 535 1163 ipsum
555 1115 707 1155 monasterium
726 1117 746 1154 et
763 1114 826 1154 cellas

38 1180 178 1227 interdicere,
187 1182 222 1220 aut
237 1181 448 1220 excommunicare...

92 1245 228 1295 Capelianos,
244 1245 277 1285 vel
292 1246 380 1285 clericos
395 1247 430 1295 qui
447 1246 486 1294 ipsi
505 1247 635 1285 monasterio
653 1248 688 1285 aut
706 1244 751 1292 ejus
769 1244 827 1285 cellis

38 1311 166 1358 deserviunt,
183 1311 370 1358 excommunicari,
387 1311 419 1351 vel
435 1310 461 1350 ab
477 1311 550 1351 officio
568 1311 678 1360 suspendi,
694 1311 738 1350 sive
753 1310 779 1350 ad
795 1322 826 1359 sy-

38 1377 119 1417 nodum
136 1377 246 1426 provocari
262 1376 288 1416 ab
304 1376 376 1425 aliquo
391 1377 494 1426 episcopo
510 1376 656 1426 prohibemus.

91 1450 184 1487 Analecta
197 1451 244 1507 luris
257 1451 352 1488 Pontificii
365 1452 382 1487 X
395 1450 458 1497 (1869)
471 1452 514 1495 5293
529 1452 551 1487 lt
564 1451 617 1488 5106.

414 1561 469 1605 156.

94 1650 152 1697 1092,
169 1649 216 1690 Oct.
227 1651 264 1689 27.
283 1649 383 1690 Urbaaris
397 1650 419 1689 ΙΙ
431 1649 543 1698 Rauaaldo
558 1648 715 1699 archiepiscopo
729 1650 829 1695 Remeusi

39 1716 126 1765 esusque
139 1715 297 1764 suffraganeis.
312 1714 456 1763 Reprehendit
469 1715 519 1754 illos
533 1715 591 1764 quod
599 1726 668 1764 regern
678 1727 762 1755 uxorem
776 1715 828 1764 legi-

39 1781 111 1820 tiraam
126 1780 231 1821 dimittere
245 1782 266 1820 et
279 1781 345 1820 aliam
355 1780 429 1820 ducere
438 1780 499 1828 passi
508 1781 560 1820 siat.
572 1780 680 1830 Praecipit
693 1783 718 1820 ut
730 1783 830 1821 moneant

39 1858 108 1896 regern
122 1848 147 1886 ut
160 1858 173 1886 a
187 1845 263 1886 delicto
278 1846 375 1886 desistat.

94 1923 188 1964 Eandem
207 1935 294 1973 quoque
312 1924 432 1964 instantiam
452 1935 490 1973 pro
509 1924 618 1973 ereptione
636 1924 747 1965 confratris
762 1925 827 1964 nostri

40 1989 178 2030 Carnotensis
193 1990 288 2038 episcopi
300 1988 406 2030 adhibete.
423 1988 489 2036 Quod
504 1991 520 2029 si
537 1990 624 2029 monitis
634 1990 720 2037 nostris,
732 1990 767 2038 qui
779 2001 827 2029 eum

40 2056 103 2104 cepit,
119 2054 267 2105 obtemperare
285 2056 444 2104 contempserit,
461 2067 499 2095 vos
514 2056 577 2095 etiam
596 2055 665 2104 ipsum
683 2056 828 2105 excommuni-

40 2121 117 2161 cationi
133 2120 237 2168 subiicite,
252 2123 272 2161 et
287 2120 377 2161 castellis
393 2122 413 2161 in
429 2120 601 2170 quibuscumque
616 2133 664 2161 eum
681 2121 797 2168 retinuerit,
809 2123 829 2161 et

40 2189 107 2226 terrae
122 2185 167 2233 ejus
182 2186 277 2227 divinum
296 2186 392 2227 oiiicium
412 2186 537 2234 interdicite,
553 2198 580 2226 ne
598 2187 675 2227 similia
692 2186 793 2238 deinceps
809 2187 829 2226 in

40 2253 90 2292 viris
105 2251 168 2299 nujus
183 2252 264 2308 ordinis
280 2255 449 2301 praesumantur.

94 2327 163 2363 Maasi
175 2327 209 2363 XX
223 2326 266 2371 686;
280 2327 310 2363 Pl.
325 2328 364 2372 151,
377 2328 421 2372 354,
435 2328 457 2363 IL
471 2328 523 2364 5469.

416 2437 471 2480 157.

97 2520 154 2567 1094,
171 2520 238 2560 Mart.
250 2520 282 2559 14.
302 2518 402 2560 Urbanus
411 2520 434 2559 Il
443 2519 551 2569 Gaufririo
561 2519 636 2560 abbati
644 2521 769 2560 monasterii
782 2520 830 2560 Vin-

41 2585 161 2625 doeiueasis
177 2583 308 2639 (Veadoruel.

96 2662 205 2705 Praeterea
226 2663 376 2712 praecipimus,
396 2666 418 2703 ut
435 2665 479 2716 tam
497 2663 661 2705 vindocinensis
679 2663 746 2712 locus,
766 2676 830 2714 quam

42 2728 149 2778 praedicta
167 2740 227 2769 secus
246 2727 386 2778 Andegavum
406 2727 504 2778 (angers)
523 2729 592 2770 Sancti
611 2729 725 2770 Salvatoris
743 2729 831 2771 ecclesia
