1924 3132
309 155 402 185 DECRETA
416 154 466 184 Roll.
480 154 607 183 PONTlFlCUNl

439 304 494 347 225.

120 412 178 458 1105,
194 411 264 461 April.
281 412 302 451 6.
317 410 431 450 Pascuaus
445 410 467 450 II
482 409 570 450 Clerieis
584 410 674 459 capituli
683 410 782 450 ecelesiae
791 409 852 450 Puri-

64 476 143 515 siensis
167 473 336 522 tuone-Deme).
363 474 501 515 Commendat
521 475 552 515 eis
574 475 677 516 Gelonem
695 476 814 524 episcopum
833 476 854 515 et

64 541 208 592 praepositum
222 541 290 587 Romu
304 541 431 582 redeuntem.

121 633 218 671 ...nostre
229 631 358 671 auctoritatis
373 632 391 670 ei
407 629 461 677 (scil.
478 628 609 680 praeposito)
621 631 687 670 vicem
699 631 852 676 concessimus,

66 697 165 746 quatinus
179 697 195 736 si
212 697 315 745 episcopi,
327 699 363 737 aut
373 708 464 745 quorum
476 696 608 744 parrochiani
619 695 676 736 bona
688 697 732 745 ipsa
743 696 852 745 diripiunt,

66 764 101 802 aut
116 773 207 811 quorum
224 762 244 801 in
260 761 377 811 parrochiis
391 761 449 802 bona
464 762 538 801 eadem
554 761 665 808 habentur,
682 764 717 801 aut
732 761 808 801 nolunt
818 764 854 801 aut

66 827 150 867 desides
165 830 214 867 sunt
228 828 316 867 ecclesie
332 830 400 867 vestre
413 827 514 875 iustitiam
526 827 603 874 iacere,
616 828 660 876 ipse
671 827 703 867 vel
715 827 853 867 interdicendi

67 893 98 932 vel
121 892 320 933 excommunicandi
336 893 427 932 eosnisi
443 892 603 939 satisfecerint,
626 892 702 932 habeat
723 892 853 932 facultatem.

113 967 142 1003 M.
157 967 251 1011 Guerurd,
265 967 314 1004 Cart.
324 966 348 1003 de
357 966 429 1013 l'eglise
443 967 643 1010 Notre-Dame12243
656 967 677 1002 L.
689 967 760 1011 Tenon,
771 966 854 1003 Histoire

67 1027 100 1062 des
114 1027 191 1062 lustices
204 1027 239 1062 des
252 1027 355 1062 anciennes
368 1025 437 1072 eglises
446 1029 464 1062 et
472 1025 619 1062 communautes
628 1025 759 1071 monastiques
769 1026 793 1062 de
803 1026 855 1062 Paris

67 1084 129 1130 (1883)
144 1086 186 1129 1363
200 1085 231 1121 Pl.
245 1086 284 1128 163,
298 1087 341 1128 1573
355 1086 377 1121 lL
390 1085 443 1122 6019.

440 1207 496 1249 226.

123 1312 181 1358 1105,
197 1311 268 1361 April.
284 1312 321 1351 24.
336 1310 450 1351 Puselmlis
465 1311 486 1350 ΙΙ
499 1311 626 1351 monasterio
651 1311 802 1361 Trenomtmst,
827 1312 854 1352 O.

68 1376 91 1418 S.
106 1376 132 1417 Β.
149 1375 313 1426 (St-nummu,
334 1377 436 1424 Tournus,
453 1389 495 1417 uer.
511 1375 607 1423 mmm).

122 1468 167 1507 Nec
183 1469 285 1516 episcopo
301 1468 362 1507 liceat
377 1467 530 1516 cujuscumque
545 1467 650 1508 dioecesis
665 1468 756 1508 eundem
775 1468 855 1524 locum,

69 1533 303 1580 excommunicationis,
320 1533 352 1572 vel
367 1533 516 1580 absolutionis,
532 1532 564 1572 vel
580 1533 692 1582 cuiuslibet
710 1534 857 1583 dispositionis

69 1598 219 1639 occasionibus
234 1598 364 1648 perturbare.

118 1674 147 1710 Pl.
162 1674 201 1718 163,
215 1674 258 1716 163;
273 1674 295 1709 ΙΙ.
309 1674 361 1710 ὓο34.

443 1791 499 1833 227.

125 1897 183 1943 1105,
201 1895 249 1936 Oct.
259 1896 289 1935 ll.
298 1894 412 1935 Puselmlis
419 1895 441 1934 Il
450 1895 535 1935 Welnni
545 1879 641 1945 episeopo
648 1896 772 1936 Beluueeusi
783 1895 857 1943 (Beuu-

70 1959 131 2007 uuis).

124 2045 226 2085 iustitiam
242 2047 288 2084 ate
304 2044 363 2093 diligi
379 2043 450 2084 multis
465 2038 507 2091 iam
522 2045 672 2093 experimentis
690 2046 811 2093 didicimus,
828 2046 858 2085 id-

70 2112 127 2151 circo
142 2110 201 2159 quod
215 2110 294 2158 justitia
309 2112 347 2156 est,
364 2110 480 2150 strenuitati
496 2112 544 2150 tuae
559 2109 692 2150 confidenter
702 2110 823 2151 indicimus.
836 2111 858 2150 ln

71 2173 189 2226 praesentia
203 2176 309 2224 siquidem
325 2178 360 2215 tua
375 2177 396 2215 et
410 2175 500 2215 aliorum
512 2176 699 2225 coepiscoporum,
716 2176 772 2216 lilius
787 2178 860 2216 noster

71 2240 140 2281 Sancti
168 2241 245 2280 Bertini
269 2240 334 2280 abbas
357 2240 481 2280 lambertus
508 2238 663 2287 (Sarni-Betui,
687 2240 803 2288 St.-Omer,
829 2241 858 2282 Ο.

71 2305 92 2346 S.
109 2304 142 2351 B.)
159 2306 317 2355 possessionem
334 2305 440 2354 quandam
457 2317 511 2354 quae
527 2305 666 2345 Hubertuisin
684 2306 761 2346 dicitur
775 2307 795 2346 in
811 2307 859 2346 villa

71 2371 135 2420 Bury,
151 2371 281 2411 monasterio
296 2382 336 2411 suo
352 2370 504 2417 rationabiliter
519 2370 637 2411 vindicasse
647 2371 782 2420 significavit,
795 2383 858 2420 quam

72 2437 137 2485 Hugo
153 2436 239 2485 quidam
256 2436 282 2475 de
298 2435 360 2484 Bury,
377 2435 455 2475 auxilio
471 2435 577 2483 Fulconis,
589 2435 626 2475 filii
639 2435 706 2484 Ebali,
717 2437 820 2476 violenter
830 2439 860 2477 te·

71 2505 115 2543 net.
127 2502 190 2543 Unde
201 2502 263 2542 etiam
279 2513 290 2541 a
308 2501 378 2550 legato
389 2503 463 2541 nostro
474 2500 606 2549 Coelestino,
618 2501 737 2542 Prinestino
748 2492 859 2551 episcopo,

38 2590 40 2593 ν
72 2569 92 2609 in
108 2568 206 2612 Remensi
222 2567 314 2608 concilio
329 2567 526 2607 excommunicatus
543 2568 650 2608 asseritur.
665 2568 732 2608 Tuam
749 2569 813 2618 igitur
827 2580 860 2608 ex-

73 2635 196 2684 perientiam
212 2645 326 2674 monemus
341 2636 361 2673 et
376 2634 526 2682 praecipimus,
543 2636 573 2679 ut,
589 2634 643 2673 sicut
658 2633 694 2673 tibi
711 2637 761 2674 nota
776 2637 814 2681 est,
829 2633 860 2681 ju·
900 2683 902 2685 ,

72 2700 150 2740 stitiam
168 2699 299 2739 monasterio
316 2699 445 2747 exsequaris.
461 2699 507 2738 Nec
522 2699 592 2738 solum
608 2700 875 2747 excommunicationem,-
