1924 3132
256 183 257 186 Ἴ
311 153 438 190 semerom,
452 153 562 181 EPISTOLAE
806 147 828 180 25

44 274 104 309 lorum
117 270 220 314 uenientes,
233 270 270 307 heu
284 270 331 316 proh
350 271 414 306 dolor!
430 281 483 306 more
497 281 616 316 paganorum
630 270 796 314 conturbaverunt,
812 272 829 306 et

43 330 123 367 fustibus
136 330 237 365 caedentes
250 330 337 375 nequiter
349 330 484 375 disperserunt,
498 340 536 365 non
550 329 633 365 sinentes
647 329 689 365 illos
703 329 759 373 exire,
777 329 829 364 debi-

0 417 4 424 ,
43 394 121 435 tumque
135 388 178 424 Deo
191 388 303 425 sacrificium
323 389 397 425 otlerre.
417 389 506 425 lnimicos
527 399 611 435 quoque,
633 390 689 434 atque
710 388 798 424 infideles
811 389 829 425 S.

21 442 22 446 ¹
45 451 140 489 Romanae
153 448 244 484 ecclesiae
257 451 275 485 et
289 450 369 493 nostros,
383 459 432 494 quos
446 460 483 483 una
496 460 540 485 cum
561 450 624 484 vestro
645 459 741 484 consensu
754 449 772 483 et
785 448 829 484 sub-

43 508 145 553 scriptione
158 507 187 543 bis
200 518 221 543 ac
236 508 291 544 tertio
313 508 349 543 iarn
371 508 549 544 excommunicatos
570 508 709 553 damnatosque
731 507 830 551 habemus,

0 565 2 610 ἷ
43 578 100 614 super
113 578 149 603 nos
161 569 232 603 temere
245 567 347 604 conduxit:
361 578 434 613 eosque
447 568 466 603 in
480 568 527 603 urbe
537 568 597 606 Roma
610 567 650 603 sine
660 569 724 602 nostra
733 568 830 602 voluntate

0 649 1 667 2
43 625 125 663 immisit.
140 625 175 661 llis
188 626 252 671 itaque
265 637 301 661 nos
314 626 435 671 praeiudiciis
448 627 466 661 et
474 626 546 662 iniuriis
556 626 691 671 multiplicibus
700 625 777 671 gravati,
786 635 830 661 cum

0 678 1 681 ¹
43 687 81 723 tota
94 685 257 730 sede'apostolica
266 685 327 721 tristes
337 686 386 721 adeo
395 696 429 730 per
438 685 478 721 dies
488 686 558 721 multos
567 685 669 730 extitimus,
678 686 699 720 ut
707 695 830 730 nequaquam

43 744 99 781 nohis
112 744 162 780 aliud
176 755 233 790 agere
246 745 281 780 nisi
295 744 340 780 llere
353 745 426 781 liceret:
439 755 483 780 nam
496 745 543 791 ipsis
556 744 624 780 diebus
637 755 672 780 nec
685 744 741 780 vestis
757 744 791 779 luit
800 754 830 779 su-

44 814 77 850 per
89 804 146 839 altare
159 804 218 839 sancti
233 804 287 848 Petri,
301 814 336 839 nec
349 805 426 850 aliquod
443 804 468 839 ibi
482 806 597 840 nocturnum
607 804 635 839 vel
646 804 735 839 diurnum
745 803 830 839 oilicium

43 875 66 899 ex
80 873 133 898 more
146 862 267 899 celebratum.
281 863 338 899 Nunc
351 863 407 899 etiam
421 864 502 899 minatur
515 863 571 899 nobis
585 863 650 909 peiora
663 863 737 908 inferre,
747 862 781 898 nisi
790 862 830 898 eius

43 923 199 968 obtemperemus
219 922 314 958 humiliter
334 923 426 959 voluntati
428 950 472 958 .....
486 923 575 959 audimus
596 923 686 958 eumdem
709 923 830 958 [ambertum

44 981 131 1018 satellites
144 992 190 1018 suos
203 982 251 1017 velle
264 982 359 1027 colligere,
373 982 493 1027 Romamque
512 993 577 1018 rursus
598 984 752 1028 expugnaturum
773 981 830 1017 adire.

45 1041 85 1076 Nos
98 1051 143 1076 vero
157 1040 194 1077 hoc
207 1040 287 1077 scientes
300 1041 425 1077 anathematis
439 1041 551 1077 sententiam
565 1041 583 1077 in
597 1052 641 1077 eum
655 1041 704 1077 etin
722 1051 790 1076 omnes
802 1051 831 1076 se-

44 1111 113 1146 quaces
127 1100 172 1145 eius,
186 1101 201 1136 si
215 1103 281 1136 contra
294 1101 360 1136 urbem
375 1101 462 1145 Romam,
475 1103 493 1137 et
506 1101 606 1137 ecclesiam
621 1101 726 1139 Romanam
748 1101 831 1146 aliquam

44 1170 107 1195 rursus
120 1159 198 1195 veniens
211 1160 368 1204 contrarietatem,
381 1160 410 1195 uel
425 1161 531 1197 molestiam
545 1162 577 1196 aut
591 1160 753 1206 perturbationem
763 1159 831 1195 inlerre

44 1219 130 1265 quolibet
143 1220 202 1255 modo
216 1220 368 1265 praesumpserit,
381 1220 400 1255 in
414 1220 492 1256 ecclesia
505 1221 554 1256 beati
569 1220 621 1256 Pauli
643 1220 727 1256 doctoris
746 1219 831 1265 gentium

44 1279 163 1324 protulimus.
559 1294 560 1297 ¹

91 1342 154 1386 nansi
168 1351 218 1387 xvu
228 1352 252 1385 72
261 1362 285 1395 s.;
295 1351 326 1386 ru
336 1353 375 1395 120,
384 1352 425 1396 rso,
435 1363 464 1397 ep.
475 1352 517 1396 1073
532 1352 554 1386 u
563 1352 616 1387 3122.

92 1410 121 1445 De
135 1409 202 1446 eadem
216 1421 235 1445 re
249 1410 344 1446 lohannes
357 1411 399 1446 Vlll
413 1412 431 1447 in
445 1411 576 1457 compluribus
586 1412 671 1457 epistolis
680 1408 703 1447 ad
713 1411 832 1457 variosprin-

45 1469 96 1514 cipes
109 1469 214 1505 scribit'-
228 1469 258 1505 Ad
272 1470 383 1506 solvendam
398 1470 530 1516 quaestionem
544 1481 567 1505 an
585 1470 667 1507 narratio
680 1471 705 1506 de
724 1471 791 1506 divinis
805 1471 833 1507 ot-

44 1528 91 1564 iiciis
104 1529 122 1564 in
136 1529 216 1565 ecclesia
229 1529 247 1565 S.
261 1530 310 1565 Petri
323 1530 399 1566 omissis
412 1541 469 1576 supra
483 1540 506 1566 ex
520 1530 626 1567 Annalibus
640 1530 766 1567 Fuldensibus
776 1531 833 1566 relata

45 1588 68 1623 de
82 1588 181 1625 interdicto
194 1589 308 1634 explicanda
320 1589 349 1634 sit,
362 1590 511 1626 animadvertere
524 1590 581 1636 juvat,
594 1591 613 1625 in
626 1580 662 1626 '308
675 1590 760 1636 epistolis
774 1601 784 1625 a
804 1590 832 1625 lo-

45 1647 107 1683 hanne
121 1647 188 1684 relictis
202 1648 277 1693 saepius
291 1648 369 1694 quidem
383 1649 407 1684 de
420 1650 619 1686 excommunicatione
633 1660 731 1695 nunquam
749 1660 794 1686 vero
809 1650 832 1685 de

45 1707 144 1743 interdicto
157 1718 266 1743 sermonem
280 1719 326 1744 esse.

422 1846 459 1887 11.

98 1957 188 2005 943-44,
204 1956 244 1995 lul.
260 1958 297 1996 20.
315 1956 458 2017 Curtulorr'uru
480 1958 604 1997 monosterii
622 1957 729 1997 Benedict.
752 1958 775 1998 S.
790 1959 833 1998 Mi-

45 2019 125 2060 clruelis
140 2017 321 2068 (sunt-Milia,
337 2022 358 2062 d.
379 2019 485 2069 Ventum).

100 2110 221 2151 Destructio
236 2111 329 2160 capellae
344 2112 457 2158 lllasiriaci‚
474 2123 528 2159 quae
543 2114 621 2152 structa
636 2115 680 2152 erat
695 2113 715 2151 ln
736 2113 833 2152 iniuriam

46 2174 147 2215 aeclesiae
162 2175 241 2216 hciaci.

101 2241 123 2280 ln
139 2243 227 2282 nomine
245 2241 359 2283 Salvatoris
381 2244 445 2283 nostri
470 2243 515 2283 lesu
538 2242 624 2283 Christi.
648 2243 728 2283 Notum
752 2247 835 2283 maneat

47 2306 147 2346 omnibus
162 2307 274 2348 christiane
290 2308 339 2348 tidei
356 2308 473 2348 cultoribus
488 2308 577 2357 qualiter
592 2311 661 2348 actum
670 2309 697 2348 sit
705 2308 731 2348 de
742 2309 833 2358 quadam

46 2372 126 2418 capella
142 2373 218 2412 iniuste
233 2374 382 2413 constructam
394 2373 442 2413 loco
454 2376 576 2423 nuncupato
585 2375 697 2414 lllasiriaco
706 2372 833 2422 {Maizerais

47 2434 282 2486 Meurlhe-er-Moselle,
299 2450 338 2479 arr.
355 2439 381 2478 de
396 2438 459 2485 Toull
475 2451 539 2488 super
553 2439 642 2480 fluvium
652 2440 723 2480 blattis
735 2439 770 2487 (Le
780 2441 835 2489 Rupt

46 2500 159 2550 —de-llladl,
176 2516 239 2552 quam
256 2506 349 2553 potestas
364 2504 418 2544 beati
435 2504 534 2553 Stephani
550 2505 622 2545 Mettis
637 2506 726 2545 clvitatis
741 2518 766 2545 ex
787 2506 835 2546 villa

46 2577 100 2613 quae
115 2570 203 2608 vocatur
224 2569 280 2609 Noui
304 2568 369 2609 Sartis
394 2568 510 2616 (Nousardl
535 2582 603 2619 nuper
626 2569 801 2611 inrationabiliter
816 2574 836 2611 et
890 2619 891 2622 Ἴ

37 2629 119 2672 'contra
135 2634 204 2682 legem
227 2636 329 2675 canonice
350 2636 480 2676 auctoritatis
504 2638 674 2684 construxerunt,
699 2637 781 2677 auterre
801 2649 842 2680 cu-,

49 2697 130 2744 pientes
146 2703 226 2748 partem
242 2700 338 2741 decimae
352 2700 473 2742 liciacensis
489 2700 570 2751 (Essey)
593 2702 694 2743 aecclesie
716 2714 770 2751 quae
792 2703 836 2743 iure
