1924 3132
301 151 394 181 DECRETA
409 150 458 180 Rom.
472 150 600 194 PONTIFICUM

435 318 490 361 189.

113 424 171 471 1097,
187 423 258 473 April.
274 424 307 463 17.
326 422 426 463 Urbanus
440 423 462 462 11
474 423 564 472 Hngoni
578 422 652 463 abban·
667 423 811 465 cloniacensi.

112 512 218 553 Praesenti
234 513 298 562 igitur
312 513 464 553 constitutione
481 513 595 560 sancimus,
612 524 638 552 ne
653 512 753 552 cellarum
769 516 846 553 vestra-

58 588 104 617 rum
122 577 212 617 ubilibet
230 578 347 626 positarum
365 577 439 617 tratres
457 588 495 626 pro
510 577 627 617 vicinarum
645 577 772 617 dioecesum·
784 579 845 618 inter·

58 643 158 690 dictione,
170 643 203 682 vei
214 643 434 683 excommunicatione
449 643 571 682 divinorum
586 642 708 683 officiorum
724 644 846 692 suspensio-

58 719 106 748 nem
123 709 235 757 patiantur,
251 708 289 748 sed
299 710 342 748 tam
354 707 453 748 monachi
465 709 512 756 ipsi,
524 719 588 756 quam
600 710 621 747 et
630 708 703 747 famuli
715 719 798 756 eorum,
810 710 846 757 qui

58 773 156 813 videlicet
172 773 301 813 monasticae
316 785 338 821 se
354 773 482 822 professioni
500 773 639 821 devoverunt,
655 773 732 813 clausis
750 774 847 814 ecclesia·

58 850 105 878 rum
122 838 198 886 ianuis,
215 850 258 879 non
276 838 374 879 admissis
392 839 532 886 dioecesanis,
551 838 635 879 divinae
652 839 758 879 servitutis
775 839 847 879 oiiicia

59 903 172 952 celebrent,
189 907 209 944 et
223 904 345 954 sepulturae
361 904 431 945 debita
447 907 556 954 peragant.

113 990 143 1026 Pl.
156 991 195 1035 151,
208 990 252 1035 493;
267 991 289 1027 11.
302 991 355 1027 5082.

438 1180 492 1222 190.

41 1307 43 1311 f
115 1283 173 1330 1098,
188 1282 238 1322 Mai
251 1283 273 1322 4.
294 1282 394 1322 Urbanas
411 1282 433 1322 11
448 1281 546 1322 Eximino
564 1283 685 1332 praeposito
704 1285 725 1323 et
738 1283 848 1332 fratribus

59 1348 172 1388 canonicae
186 1348 275 1388 Domini
280 1345 364 1388 'Nostri
378 1348 425 1388 lesa
440 1348 549 1388 Nazarcni
560 1346 655 1394 (ccclesia
669 1349 743 1399 colleg.
762 1349 847 1389 Monta-

59 1414 134 1462 rago‘n,
150 1412 262 1463 Hispani.

114 1503 180 1542 Porro
195 1503 246 1542 nulli
262 1504 364 1552 episcopo
378 1503 438 1543 liceat
449 1503 544 1543 eiusdem
560 1501 648 1544 ecclesie
663 1504 744 1551 tratres,
756 1516 811 1553 quos
827 1505 847 1543 in

60 1569 155 1611 Romane
173 1568 261 1608 ecclesie
275 1568 332 1608 filios
349 1569 434 1617 speciali
452 1568 566 1609 dilectione
584 1569 746 1618 assumpsimus,
763 1581 848 1609 excom-

60 1634 168 1674 municare
183 1636 218 1673 aut
233 1634 328 1673 divinum
341 1634 371 1673 eis
384 1634 480 1673 officium
492 1634 624 1681 interdicere,
636 1635 674 1674 sed
685 1634 724 1674 sub
735 1634 781 1675 sola
791 1634 848 1674 sedis
909 1673 911 1675 .

60 1698 177 1747 apostolice
192 1699 324 1748 protectione
335 1711 358 1738 ac
374 1699 453 1739 iudicio
465 1698 524 1739 liberi
536 1702 642 1739 annuente
657 1699 753 1739 Domino
771 1700 848 1739 securi-

60 1775 101 1812 que
117 1767 261 1812 permaneant.

114 1849 166 1885 Paul
178 1827 242 1894 Kclzc,
252 1849 349 1895 Papsturk.
365 1850 384 1886 in
400 1850 489 1897 Spanien,
505 1850 526 1885 11,
543 1850 626 1886 Navarra
642 1851 681 1886 und
694 1850 772 1896 Aragon
786 1850 848 1896 (1928)

60 1909 101 1944 204.
115 1908 137 1944 IL
150 1929 161 1934 -

365 2096 366 2099 ’
436 2086 491 2130 191.

117 2198 175 2244 roos,
192 2197 239 2257 oct.
255 2198 288 2237 io.
307 2197 443 2237 aroanna
458 2197 512 2238 orso
527 2166 739 2238 allamannia
755 2190 848 2239 ogsa.

60 2263 182 2303 Melitensis
197 2262 244 2319 (SS.
264 2263 345 2303 Trinitd
359 2275 370 2303 e
383 2262 406 2303 S.
422 2262 550 2327 Arcangclo,
566 2261 659 2310 Mileto).

114 2352 147 2393 Ad
162 2353 201 2393 hec
216 2353 319 2393 adicimus
334 2356 357 2393 ut
371 2353 422 2393 nulli
438 2353 589 2403 episcoporum
603 2353 691 2394 facultas
702 2355 735 2401 sit,
747 2355 793 2394 sine
808 2354 849 2396 Ro-

62 2420 118 2459 mani
134 2419 241 2468 pontificis
256 2419 339 2460 licentia
350 2419 396 2459 loca
407 2422 475 2460 vestra
486 2419 518 2459 vel
529 2419 647 2459 monachos
663 2419 805 2460 interdictioni
816 2420 849 2459 vei

62 2485 276 2525 excommunicationi
287 2484 383 2525 subicere
394 2488 430 2525 aut
440 2485 532 2533 aliquam
544 2486 564 2524 in
576 2485 624 2525 loco
636 2485 712 2524 eodem
722 2488 848 2534 potestatem

61 2549 94 2590 vei
109 2550 229 2589 molestiam
244 2561 349 2590 exercere.

115 2636 166 2673 Paul
178 2636 235 2681 Kelir,
251 2636 349 2683 Papsturk.
364 2637 383 2673 in
399 2637 453 2681 Rom,
468 2636 496 2672 in:
514 2637 584 2673 Nachr.
598 2637 616 2672 d.
630 2636 654 2673 G.
667 2636 792 2683 Goettingen,
805 2637 850 2683 phil.

63 2697 104 2732 hist.
118 2696 146 2734 ΚΙ.
161 2695 223 2743 (1900)
237 2697 276 2733 150.
291 2697 338 2732 IL·
472 2706 473 2709 ¹

805 2786 814 2812 4
847 2769 849 2771 .
