1924 3132
306 783 555 838 lNTRODthrlo

91 1069 113 1109 ln
128 1060 320 1117 exercitationibus,
337 1082 391 1119 quae
407 1070 427 1109 in
442 1068 626 1110 Universitate'ah
641 1069 775 1109 auditoribus
798 1069 824 1109 de

37 1134 197 1184 quaestionibus
212 1135 317 1176 historicis
340 1136 484 1183 instituuntur,
506 1136 598 1184 primum
621 1138 652 1174 est
674 1136 732 1184 ipsos
754 1135 824 1175 fontes

36 1200 107 1249 legere
122 1202 142 1240 et
157 1201 296 1250 interpretari.
313 1200 369 1240 Huic
383 1201 420 1240 fini
443 1201 547 1241 editiones
569 1203 672 1248 textuum,
696 1201 731 1249 qui
754 1200 825 1240 fontes

37 1265 63 1305 de
78 1265 223 1305 determinatis
238 1266 330 1306 materiis
346 1267 386 1306 iam
403 1267 423 1305 ln
438 1278 504 1305 unum
520 1266 622 1306 collectos
639 1266 749 1305 continent
763 1268 784 1306 et
799 1266 825 1305 si-

38 1331 117 1370 mulin
133 1343 197 1370 manu
212 1332 308 1371 omnium
324 1331 445 1371 auditorum
461 1343 507 1371 esse
529 1334 625 1380 possunt,
650 1332 772 1371 inserviunt.
797 1331 826 1371 lta

22 1436 25 1443 ,
38 1397 197 1436 exercitationes
212 1396 238 1436 de
253 1391 509 1446 quaestionibus'fquoque
517 1396 681 1444 difficilioribus,
698 1397 766 1445 qualis
774 1409 794 1436 v.
803 1408 824 1445 g.

38 1463 134 1510 quaestio
149 1462 176 1501 de
191 1462 273 1511 origine
288 1465 309 1502 et
323 1462 446 1518 evolutione
460 1462 565 1502 interdicti
581 1465 619 1509 est,
635 1462 681 1502 fieri
700 1460 801 1511 possunt:

92 1528 151 1567 Haec
166 1528 263 1568 collectio
279 1529 380 1577 proponit
395 1530 463 1568 textus
478 1528 504 1567 de
520 1529 603 1576 origine
618 1528 722 1568 interdicti
738 1528 826 1576 ejusque

38 1593 160 1633 evolutione
175 1605 242 1643 usque
257 1594 283 1633 ad
299 1596 388 1634 aetatem
405 1593 475 1633 lvonis
490 1592 628 1634 Carnotensis
651 1596 671 1634 et
686 1593 793 1633 Paschalis
809 1594 826 1632 ll

39 1657 170 1705 trono-1118)
186 1659 297 1699 Pontificis
311 1661 494 1709 contemporanei.

92 1724 148 1771 Quia
164 1725 217 1765 inter
231 1722 335 1771 auctores,
352 1726 387 1774 qui
403 1724 429 1764 de
445 1726 528 1774 origine
536 1725 640 1765 interdicti
650 1728 747 1774 egerunt,
757 1725 826 1765 variae

32 1791 195 1830 controversiae
210 1803 235 1830 ex
250 1802 276 1830 eo
291 1790 350 1840 quod
365 1802 440 1830 vocem
456 1790 560 1831 interdicti
576 1802 619 1830 non
635 1802 710 1830 omnes
719 1791 739 1830 in
749 1790 826 1830 eodem

39 1867 102 1895 sensu
117 1855 266 1903 adhibuerunt,
283 1859 341 1896 ortae
356 1859 412 1903 sunt,
429 1857 470 1896 iam
486 1856 600 1896 dicendum
623 1859 661 1903 est,
678 1856 730 1904 quid
753 1857 773 1896 in
789 1856 828 1895 hac

39 1921 165 1961 collectione
181 1921 315 1961 Interdictum
332 1922 468 1971 intelligatur,

93 1986 169 2035 Agitur
183 1986 217 2027 hic
238 1989 319 2027 tantum
342 1987 368 2026 de
390 1987 501 2027 interdicto
523 1987 594 2033 locali,
617 1988 703 2027 excluso
719 1988 732 2027 i.
757 1988 828 2027 stricte

41 2052 154 2100 personali,
170 2053 232 2101 quale
247 2065 267 2092 v.
283 2065 304 2101 g.
330 2053 383 2092 inter
404 2052 444 2092 alia
459 2053 473 2092 i.
496 2052 522 2091 ab
545 2053 642 2102 ingressu
664 2053 765 2093 ecclesiae
788 2055 826 2092 est.

40 2117 185 2157 Nihilominus
200 2129 268 2157 unum
281 2118 397 2158 alterumve
412 2118 533 2167 exemplum
550 2119 563 2158 i.
580 2119 697 2168 personalis
717 2118 827 2168 allegatur,

19 2212 23 2216 „
40 2186 63 2222 ut
86 2183 236 2233 terminologia
261 2184 336 2223 melius
360 2186 510 2233 cognoscatur.
534 2183 671 2233 Proprimis
695 2183 829 2233 temporibus

41 2248 168 2289 abstrahitur
182 2249 216 2289 hic
231 2261 242 2289 a
257 2249 376 2289 differentia
392 2250 445 2289 inter
460 2250 473 2289 i.
491 2250 576 2299 proprie
592 2245 671 2289 dictum
687 2252 707 2289 et
730 2250 829 2290 cessatio-

41 2325 89 2353 nem
105 2326 169 2363 quam
184 2317 261 2355 vocant
276 2327 287 2354 a
302 2315 386 2362 divinis,
410 2315 487 2362 itema
502 2315 621 2355 differentia
643 2316 697 2355 inter
712 2316 725 2355 i.
742 2318 764 2355 ut
780 2327 829 2364 poe-

41 2391 90 2419 nam
105 2379 253 2420 vindicativam
271 2383 292 2420 et
313 2380 461 2420 medicinalem
484 2392 521 2420 seu
543 2392 663 2421 censuram.
686 2380 781 2427 Quando
803 2381 830 2421 de

42 2445 124 2493 origine
139 2445 227 2485 alicuius
243 2446 330 2486 instituti
347 2446 428 2485 iuridici
444 2447 520 2495 agitur,
533 2458 576 2486 non
587 2446 613 2485 de
623 2447 718 2486 instituto
727 2447 829 2495 perfecto,

42 2510 62 2549 in
78 2523 121 2559 quo
136 2522 211 2552 omnes
226 2514 289 2551 notae
309 2513 329 2551 in
352 2512 477 2552 delinitione
499 2512 606 2561 completa
628 2515 739 2552 contentae
762 2513 830 2552 verifi-

42 2575 122 2624 cantur,
138 2577 217 2617 sedde
232 2577 366 2626 imperfecto,
382 2578 403 2617 in
419 2589 462 2626 quo
477 2577 551 2618 saltem
567 2589 615 2627 pars
637 2578 710 2618 talium
733 2581 830 2619 notarum

26 2640 154 2690 invenitur,
171 2643 285 2692 quaeritur.
303 2644 438 2692 lnquiruntur
459 2643 513 2683 facta
529 2646 549 2683 et
564 2644 622 2693 leges
644 2655 699 2693 quae
720 2646 830 2693 tamquam

9 2711 11 2713 ’
43 2707 193 2757 praefiguratio
209 2720 246 2748 seu
262 2708 412 2757 praeformatio
429 2709 532 2748 interdicti
551 2709 680 2749 considerari
693 2712 789 2758 possunt.
