1975 3157
469 115 611 153 INTRODUCTIQ
642 115 644 117 ’

199 233 232 274 lld
255 235 389 275 interdictum
405 236 426 275 in
448 246 512 275 sensu
534 235 637 276 latissimo
658 237 779 285 requiritur,
802 239 825 276 ut
847 238 934 286 propter

146 300 246 340 delictum
262 303 366 349 patratum
383 301 496 340 auctoritas
511 301 652 341 ecclesiastica
667 302 687 340 in
699 301 837 341 determinata
845 302 934 342 ecclesia
985 312 988 356 j

146 366 178 405 vel
194 367 215 405 in
230 366 324 406 ecclesiis
339 366 428 405 alicuius
442 367 536 415 regionis
552 366 622 406 divina
637 366 709 406 officia
724 367 790 407 tollat.
809 366 932 408 Generatim

146 431 180 471 tali
196 430 316 471 sublatione
332 432 396 471 divini
413 431 478 471 officii
494 443 537 471 uon
553 432 622 471 solum
639 432 656 471 is
671 432 706 480 qui
722 432 822 472 delictum
846 434 934 481 patravit

146 497 183 536 sed
198 498 261 536 etiam
273 497 397 537 innocentes
405 496 534 544 afficiuntur,
544 509 674 546 quamquam
683 498 771 546 cogitari
781 500 851 546 potest
858 509 934 537 omnes

146 562 226 602 incolas
241 562 329 602 alicuius
344 563 438 611 regionis
453 575 473 601 v.
489 574 510 611 g.
534 565 620 611 propter
642 562 780 603 rebellionem
802 565 875 603 contra
891 564 934 612 epi·

146 639 235 678 scopum
252 627 369 676 culpabiles
391 639 444 668 esse.
468 627 566 667 Exclusio
582 640 593 667 a
609 627 681 668 divino
703 628 777 668 officio
799 630 830 668 est
845 628 932 675 malum,

146 693 205 742 quod
221 704 259 742 pro
275 692 412 742 delinquente
427 694 530 733 rationem
547 705 629 742 poenae
644 693 714 741 habet,
731 705 770 743 pro
786 693 934 733 innocentibus

146 770 196 798 vero
212 758 374 798 incommodum
390 761 428 806 est,
445 758 504 807 quod
520 761 606 807 propter
621 758 702 798 bonum
717 769 832 799 commune
854 759 934 808 patien-

145 826 177 864 ter
191 825 294 864 sustinere
310 824 395 864 debent.
412 824 454 864 Pro
469 824 605 872 delinquente
620 824 672 864 haec
686 825 780 872 sequela,
796 824 854 873 quod
870 825 933 864 etiam

147 890 272 929 innocentes¹
286 889 387 929 damnum
404 890 519 938 patiuntur,
536 889 644 929 efficacem
661 890 801 929 monitionem
811 889 932 939 deponendi
975 906 977 908 ·

146 955 302 994 contumaciam
318 955 419 1001 continet,
436 966 490 1003 quae
505 957 564 994 lanto
579 954 687 994 efficacior
701 958 733 995 est
755 958 834 1003 quanto
857 955 945 1010 magis„

146 1021 162 1060 si
178 1033 198 1060 ν.
212 1032 236 1069 g.
253 1021 279 1060 de
295 1021 390 1069 principe
405 1021 482 1069 agitur,
499 1021 581 1060 aversio
597 1021 660 1060 animi
683 1020 817 1060 subditorum
840 1021 932 1060 timetur.

146 1085 178 1125 De
192 1085 249 1125 facto
264 1085 351 1134 quidem
369 1086 495 1134 delinquens
513 1088 620 1134 praeterea
638 1087 762 1134 generatim,
780 1097 823 1125 non
841 1097 933 1134 semper,

146 1150 186 1191 alia
201 1163 270 1200 poena
285 1151 330 1191 scil.
347 1152 567 1191 excommunicatione
583 1151 614 1191 vel
630 1152 741 1192 interdicto
757 1148 862 1200 persorrali
877 1150 933 1191 affici

146 1216 207 1256 solet.
697 1212 699 1215 ’

200 1281 257 1328 Quia
272 1283 292 1323 in
308 1281 434 1322 collectione
449 1282 500 1322 tales
516 1293 602 1331 quoque
617 1284 685 1322 textus
701 1283 778 1331 recepti
793 1285 849 1328 sunt,
861 1283 897 1331 qui
907 1282 933 1322 ab

146 1347 252 1396 aliquibus
267 1347 389 1388 auctoribus
404 1360 491 1388 erronee
506 1351 615 1397 tamquam
631 1347 701 1388 fontes
716 1348 742 1388 de
757 1348 869 1388 interdicto
884 1359 934 1388 con·
969 1391 970 1394 ,

145 1411 313 1460 siderabanturl,
330 1414 350 1452 in
366 1413 551 1453 exercitationibus
566 1412 637 1462 quoad
645 1413 742 1462 singulos
750 1416 818 1453 textus
826 1414 931 1462 quaestio.

146 1490 172 1517 an
190 1480 210 1517 et
228 1478 280 1527 quid
300 1478 326 1518 de
347 1478 458 1518 interdicto
478 1478 607 1525 contineant,
629 1478 728 1527 ponenda
748 1481 786 1518 est.
807 1479 876 1518 Notae
896 1480 933 1518 cri-

145 1544 198 1582 ticae
221 1543 312 1583 textibus
336 1543 430 1583 adiectae
454 1543 517 1583 talem
542 1544 688 1592 quaestionem
711 1543 830 1583 nullatenus
851 1544 934 1583 solvere

146 1609 266 1649 intendunt.

200 1673 222 1712 ln
238 1674 411 1722 interpretatione
425 1672 545 1713 differentia
560 1673 664 1713 interdicti
680 1672 753 1712 localis
768 1672 794 1712 ab
816 1673 861 1712 aliis
877 1673 934 1712 insti·

145 1739 196 1778 tutis
211 1739 312 1785 iuridicis,
329 1740 452 1787 praesertim
468 1739 494 1778 ab
509 1739 888 1787 excommunicatione,suspensione
896 1750 933 1778 seu

146 1804 257 1844 interdicto
274 1804 379 1853 personali
395 1806 415 1844 et
430 1816 441 1843 a
456 1816 506 1844 casu
521 1804 671 1844 exsecrationis
686 1804 787 1844 ecclesiae
806 1804 934 1844 attendenda

146 1872 184 1909 est.
202 1869 244 1909 lam
261 1869 287 1909 de
302 1869 392 1919 siugulis
406 1868 498 1909 breviter
513 1869 616 1918 principia
632 1869 757 1909 indicantur.
815 1905 817 1907 .

201 1934 262 1974 Initio
277 1935 364 1983 quidem
387 1934 499 1974 interdicto
521 1946 584 1983 saepe
606 1946 684 1974 nomen
707 1934 934 1974 excommunicationis

145 1999 250 2046 tribuitur,
276 2011 406 2048 quamquam
432 2000 549 2048 persuasio
568 2000 811 2040 excommunicationem
827 2010 873 2039 esse
888 2011 934 2048 gra-

145 2066 253 2105 vissimam
270 2076 361 2114 poenam
377 2065 516 2114 spiritualem,
533 2077 587 2113 quae
609 2065 731 2105 immediate
753 2065 846 2104 animam
868 2064 934 2104 aflicit

146 2133 166 2170 et
180 2130 319 2171 solummodo
335 2131 355 2170 iu
371 2142 483 2179 personam
500 2131 567 2180 ipsam
584 2129 683 2170 delictum
700 2133 817 2179 patrantem
834 2131 887 2170 iuste
903 2130 932 2169 in-

145 2196 190 2245 fligi
207 2199 283 2244 potest,
300 2207 385 2244 semper
400 2197 420 2235 in
436 2196 528 2236 Ecclesia
544 2196 617 2244 viguit.
635 2195 683 2235 noc
698 2198 755 2235 certo
778 2196 898 2235 enuntiatur
913 2196 933 2234 in

194 2420 198 2441 ¹
214 2419 311 2456 Omittitur
329 2422 392 2456 tamen
412 2420 492 2466 epistula
505 2420 541 2456 250
558 2420 577 2456 S.
590 2418 661 2455 Basilii·
684 2419 759 2465 (lllligne
778 2419 812 2455 PG
825 2420 854 2463 32,
874 2420 933 2466 1002),

145 2490 195 2525 quae
208 2482 272 2525 aperte
285 2480 309 2516 de
322 2480 439 2526 poenitentia
452 2479 528 2525 publica
541 2479 585 2524 agit,
601 2478 624 2514 ab
644 2479 740 2525 aliquibus
759 2490 804 2515 vero
818 2481 838 2514 ut
851 2479 934 2525 primum

146 2540 255 2584 exemplum
269 2539 361 2575 interdicti
375 2539 511 2583 consideratur,
524 2550 541 2574 u.
554 2549 572 2583 g.
586 2538 607 2574 L.
621 2538 724 2584 Godafrou,
739 2539 821 2575 Diction.
830 2539 854 2574 de
867 2537 933 2575 Theoi.

145 2598 220 2634 Cathol.
234 2598 267 2635 Vll
280 2600 333 2634 2282.
348 2599 446 2634 Praeterea
460 2599 506 2634 haec
519 2597 607 2634 collectio
620 2599 692 2633 tantum
707 2598 821 2634 documenta
840 2598 934 2635 Ecclesiae

146 2657 269 2696 occidentalis
282 2658 433 2705 comprehendit.
