1924 3132
324 171 451 208 scammatis,
465 172 576 200 [Plsrotafi
820 167 842 200 55

56 307 108 347 papa
123 291 224 333 Urbanus
239 291 259 330 in
274 290 366 331 concilio
381 291 438 340 apud
453 291 560 332 Turonem
577 291 684 338 resideret,
701 292 792 333 Radulto
813 293 842 332 vi·

2 375 5 407 J
55 358 150 402 eecomiti
167 356 312 397 interdicendo
328 357 435 405 praecepit
450 359 471 396 et
486 357 637 406 praecipiendo
659 357 772 404 interdixit,
790 369 842 397 nea

1 424 4 429 '
56 428 107 467 dicta
130 423 213 463 civitate
237 422 351 469 recederet,
375 422 444 462 donec
467 422 577 462 monachis
599 422 794 463 Vindocinensibns
816 424 842 463 de

1 502 4 510 ’
56 490 139 541 querela
154 500 218 537 quam
234 490 306 528 contra
322 487 496 534 eumhabebant,
509 488 634 528 deecclesia
648 488 686 528 scl.
703 488 841 538 Maziacensi,

0 729 8 877 t

55 555 195 598 satisfecisset.
211 552 280 594 Nobis
302 554 365 594 etiam
387 554 511 594 auctoritaie
525 565 564 594 sua
586 553 681 602 iniunxit,
698 554 790 603 quodsi
807 554 841 594 ille

55 633 117 671 super
131 620 172 660 hoc
187 619 275 659 obedire
289 621 442 666 contemneret,
457 631 552 659 censura
573 620 639 660 nostri
662 620 728 660 oilicii
749 621 840 660 eumad

54 687 153 738 justitiam
169 684 354 734 compelleremus.
371 685 420 725 Non
437 685 503 724 multo
513 688 561 734 post
571 688 668 734 tempore
677 685 770 725 domnus
779 685 841 726 Ama-

55 758 94 799 tns,
111 752 146 801 qui
162 751 182 790 in
199 750 293 800 partibus
309 750 349 791 illis
363 750 384 791 S.
395 751 418 793 R.
429 751 452 790 Ε.
468 751 575 799 legatione
590 750 725 799 fungebatur,
742 754 841 800 exparte

55 818 149 868 ejusdem
165 816 252 857 Domini
268 817 334 856 nostri
350 827 417 867 papae
432 819 452 856 et
467 828 504 856 sua
519 816 545 856 de
561 817 635 856 eadem
652 828 673 857 re
682 817 767 866 querela
778 816 841 857 nobis

0 878 7 932 ξ
55 886 131 924 litteras
146 882 268 929 transmisit,
285 883 306 924 in
321 882 399 931 quibus
414 881 543 930 praedictam
559 882 669 922 ecclesiam
686 876 853 923 Maziacensem

0 947 6 984 ‘3
56 950 144 999 ipsemet
159 947 394 995 excommunicavitet
409 950 431 988 ut
451 960 476 987 ex
491 950 562 988 nostra
585 950 643 997 parte
665 959 711 987 eam
727 950 747 988 et
772 948 841 997 ipsum

55 1014 201 1055 vicecomitem
213 1013 325 1056 Radultum
337 1013 571 1053 excommunicaremus
582 1013 714 1062 praecipiens
726 1013 841 1053 mandavit.

56 1080 137 1120 Deinde
152 1080 172 1118 in
188 1079 279 1119 concilio
294 1079 351 1128 apud
373 1078 490 1119 Sanctonas
512 1077 602 1124 (Saintes
625 1090 692 1128 prope
713 1078 841 1126 Bordeaux),

55 1145 112 1194 quod
128 1144 154 1184 de
169 1144 210 1185 hoc
225 1156 263 1193 per
277 1145 356 1185 litteras
370 1156 419 1184 suas
434 1143 497 1184 nobis
512 1143 656 1191 mandaverat,
672 1145 719 1184 viva
737 1156 790 1184 voce
805 1145 842 1184 ite-

0 1247 5 1267 ,
56 1222 100 1250 rum
116 1211 230 1260 praecepit.
247 1210 293 1251 Nos
315 1210 401 1259 quidem
424 1222 467 1250 non
489 1221 577 1250 censura
599 1209 698 1257 justitiae,
719 1210 756 1249 sed
781 1211 841 1258 quasi

0 1268 5 1294 ³³
56 1276 130 1316 intuitu
146 1275 304 1315 misericordiae
318 1275 360 1322 iam
377 1275 433 1315 dicto
450 1275 540 1318 Radullo
556 1287 594 1323 per
609 1287 674 1315 unum
686 1287 765 1315 annum
781 1278 801 1315 et
816 1287 842 1316 eo

56 1341 146 1389 amplius
161 1341 257 1381 inducias
272 1341 407 1381 donavimus.
424 1341 539 1381 Ecclesiam
555 1353 605 1381 vero
617 1341 780 1388 Maziacensem,
793 1342 843 1389 quia
873 1373 874 1377 ,

56 1418 101 1446 eam
113 1407 230 1456 apostolica
241 1407 364 1447 auctoritate
375 1408 584 1446 excommunicatam
592 1406 720 1454 audivimus,
732 1406 842 1447 absolvere

0 1476 3 1521 ξ
56 1484 94 1511 nec
109 1473 218 1521 potuimus
233 1484 272 1512 nec
287 1471 408 1519 debuimus,
424 1472 461 1512 sed
477 1473 539 1512 etiam
556 1484 581 1512 ex
596 1475 667 1512 nostra
683 1475 741 1521 parte
758 1484 843 1512 excom-

0 1528 3 1587 ζ
56 1538 220 1578 manicationem
237 1538 312 1586 ipsam,
330 1540 392 1586 prout
407 1538 470 1578 nobis
485 1540 621 1587 praeceptum
637 1538 712 1585 luerat,
728 1538 843 1592 continna-

56 1603 124 1643 vimus
134 1606 154 1643 et
164 1603 327 1644 confirmamus:
345 1605 372 1643 ita
382 1606 405 1643 ut
415 1603 492 1644 abhinc
502 1616 545 1644 non
557 1607 678 1652 praesumat
688 1604 736 1653 quis
746 1605 767 1643 in
778 1616 802 1643 ea
813 1604 843 1643 di-

0 1696 2 1717 ,
56 1670 127 1708 vinum
139 1668 234 1720 officium
246 1669 360 1717 celebrare,
370 1669 402 1709 vel
414 1669 442 1709 ibi
453 1681 544 1718 corpora
554 1670 651 1718 sepelire,
661 1670 730 1709 donec
742 1669 842 1718 praedicti

0 1734 2 1782 ξ
56 1735 129 1774 tratres
144 1735 313 1775 vindocinenses
327 1735 436 1783 justitiam,
448 1747 512 1783 quam
528 1735 609 1775 dudum
625 1736 777 1781 reclamavere,
787 1735 843 1783 justo

0 1790 2 1807 ³
56 1799 135 1846 judicio
150 1803 318 1849 consequantur:
334 1800 393 1850 quod
408 1801 615 1849 quipraesumserit,
628 1801 682 1841 sicut
697 1803 843 1849 praesumtuo-

0 1914 1 1918 ,
56 1877 102 1904 sum
114 1868 134 1905 et
149 1865 195 1906 Deo
210 1865 316 1915 beatoque
332 1865 394 1906 Petro
409 1866 546 1913 contrarium,
558 1866 597 1906 nisi
609 1867 727 1915 resipuerit,
740 1868 843 1916 perpetuo

57 1931 189 1971 anathemate
204 1930 414 1971 anathematizamus.
431 1932 479 1971 Hoc
494 1933 557 1972 etiam
568 1932 608 1972 snb
620 1931 696 1972 eodem
710 1932 844 1972 anathemate

58 1995 203 2044 prohibemus,
215 1999 237 2036 ut
250 1996 333 2037 decima
347 1997 374 2037 ad
389 1997 456 2046 ipsam
472 1997 582 2037 ecclesiam
599 1997 707 2046 pertinens
721 1997 844 2047 saepedicto

57 2061 175 2101 vicecomiti
194 2062 281 2102 ulterius
296 2061 322 2102 ab
337 2061 461 2103 hominibus
478 2061 506 2102 ibi
525 2062 657 2103 morantibus
675 2074 717 2102 non
735 2062 843 2103 reddatur.

104 2135 190 2173 Martene
203 2138 221 2173 et
234 2136 319 2180 Durand,
332 2137 389 2173 Thes.
402 2148 450 2174 nov,
462 2138 534 2174 Anccd.
548 2138 573 2174 lV
588 2138 627 2173 123.

433 2273 472 2316 52.

66 2367 68 2369 ’
97 2373 170 2413 Ι1099.
186 2372 262 2413 Petras
276 2371 446 2422 archiepiscopus
461 2372 569 2421 Aquensis
584 2370 798 2421 (dix-eu-Povence)
808 2373 845 2419 Ri-

57 2437 120 2477 cardo
134 2437 209 2478 abbati
222 2438 244 2478 S.
265 2438 353 2478 [lictoris
368 2435 506 2486 (Murseille).
527 2439 601 2479 Tradit
609 2439 643 2478 illi
652 2451 726 2479 novam
737 2439 845 2479 ecclesiam

58 2500 79 2540 ln
95 2503 219 2544 Mollemort
236 2500 539 2557 (Barrabas-du-Rlzone,orr.
551 2501 655 2552 danes).

110 2586 214 2628 Concedo
230 2588 316 2637 insuper
331 2587 380 2627 huic
394 2588 485 2628 cessioni
501 2588 555 2628 hanc
566 2589 722 2637 prerogativam
734 2587 843 2635 libertatis,

57 2650 79 2689 ut
93 2653 206 2701 nunquam
218 2652 306 2702 alicujus
321 2652 474 2702 archiepiscopi
491 2652 629 2702 prohibitioni
645 2654 677 2693 vel
698 2654 843 2695 excommuni-

57 2716 133 2757 cationi
149 2718 250 2758 innodata
265 2718 379 2767 subjaceat,
396 2720 447 2767 quin
462 2730 547 2768 semper
562 2718 612 2759 inibi
629 2713 724 2759 divinum
747 2719 843 2759 otlicium
