1924 3132
318 147 445 184 scarrrones
459 147 570 176 rorsrocar
814 139 837 175 65

9 297 12 306 f
55 275 97 322 ipse
114 268 259 315 advocaverit„
273 270 345 317 ponet.
365 267 480 308 Ecclesiam
498 280 585 318 quoque
602 268 629 308 de
646 268 756 308 Velieneto
774 280 838 317 quarn

54 339 82 378 eis
97 335 155 384 prius
172 345 220 373 cum
236 344 323 373 assensu
341 333 426 382 capituli
445 334 486 373 mei
505 334 613 383 dederam,
630 334 710 373 eisdem
729 333 840 374 monachis

55 401 147 442 restituo.
166 398 195 439 Ut
213 397 282 438 clerici
301 398 394 447 plenarie
411 410 449 439 eos
467 398 516 438 inde
533 400 653 445 revestiant,
672 398 781 438 mebona
797 398 841 438 fide

7 456 10 505 Ῐ
54 470 73 507 et
87 466 132 505 sine
147 463 204 503 malo
219 463 307 512 ingenio
322 465 467 511 tractaturum,
483 466 504 503 et
521 464 622 513 deinceps
638 463 749 503 monachis
764 464 790 503 de
806 463 840 502 illa

54 530 140 572 ecclesia
151 532 171 568 et
181 529 208 568 de
218 528 319 568 omnibus
330 530 376 569 aliis
387 528 450 569 rebus
461 541 513 578 quas
524 531 545 569 in
556 530 680 578 episcopatu
692 541 741 569 meo
752 528 838 575 habent,

0 629 9 655 r
54 596 109 637 salva
123 594 202 642 institia
217 605 272 641 mea,
284 606 318 633 me
331 594 480 634 fidelissimum
492 595 583 634 amicum
595 595 641 635 lore
652 595 762 643 promitto.
774 593 840 641 Quod

0 694 8 700 ,
54 664 69 703 si
88 660 156 701 cleriei
175 671 213 699 eos
231 660 319 708 pacifice
339 660 438 699 revestire
458 660 572 707 noluerint,
591 660 641 699 huic
660 671 707 699 mee
727 660 840 699 revestioni

55 726 142 767 rebelles
157 725 270 772 extiterint,
287 737 325 765 eos
340 728 360 765 et
374 726 510 774 coadjutores
527 737 601 765 eorum
618 738 629 765 a
644 724 753 765 liminibus
770 727 842 765 sancte

0 788 9 803 ⁹
55 791 141 834 ecclesie
155 786 302 839 ¹sequestraho,
319 794 339 831 et
354 790 448 831 ecclesiis
463 802 537 831 eorum
553 802 618 831 omne
633 790 728 831 divinum
745 790 840 830 officinm

62 857 186 903 nterdicam‚
198 856 256 904 quod
272 859 319 895 ante
335 857 428 896 domnus
443 868 498 906 papa
510 857 588 896 iecerat
603 859 623 896 et
638 857 705 896 modo
720 856 840 902 confirmat.

0 925 8 943 ⁵
55 926 74 963 et
89 923 119 962 eis
134 921 266 961 omnimodis
281 922 380 962 inimicus
395 933 439 962 ero.
459 922 510 962 Post
527 922 603 962 iactam
622 923 682 961 istam
701 922 841 961 revestionem

0 976 7 1019 Ᾰ
55 991 74 1028 et
89 978 254 1028 satisiactionem
273 987 355 1027 domno
373 998 435 1036 papa,
455 987 481 1026 de
498 989 631 1037 contemptu,
647 987 696 1027 loco
714 989 734 1027 et
750 987 842 1027 termino

0 1083 7 1096 ι.
56 1065 118 1103 quem
139 1052 232 1092 domnus
253 1064 307 1102 papa
327 1053 467 1100 constituerit,
488 1053 566 1099 clerici,
586 1054 603 1093 si
623 1052 736 1099 voluerint,
756 1063 841 1092 causam

55 1130 113 1159 suam
129 1120 200 1166 agant.

108 1203 170 1240 Gallia
183 1203 290 1240 Christiana
303 1204 413 1240 Novissima
427 1205 432 1240 l
447 1203 509 1250 (1809)
523 1206 610 1241 lnstrum.
623 1206 658 1240 278
671 1205 711 1241 Xll.
