1975 3157
143 181 155 215 2
390 188 482 218 pecuum
497 189 546 218 non.
561 188 688 218 nourrfrcun

144 305 281 340 monasterium
299 316 320 341 ea
337 305 361 340 ad
378 305 516 351 impetrandam
534 305 699 342 confirmationem
715 306 842 352 exemptionis
857 306 881 341 ab
897 306 932 343 Ur-

144 364 195 400 bano
214 364 228 399 ll
248 375 304 400 usum
322 367 355 409 est,
373 375 430 411 quam
450 365 474 400 de
493 365 542 401 lacto
560 365 578 401 d.
596 366 624 401 19.
642 366 686 410 Αρῑ.
705 366 750 401 1099
770 365 856 401 obtinuit.
876 365 932 409 (Vide

144 423 205 468 inira).
224 424 265 459 lL-
460 424 463 436 ¹

518 536 557 578 81.

199 631 245 671 878.
261 630 366 671 Iohannes
380 630 429 671 VIII
440 630 468 671 nd
478 630 535 671 arclz.
547 630 641 675 Raverrrz.
657 630 708 671 Vide
717 642 783 681 supra
793 644 825 672 ur.
837 632 864 671 IO
872 634 911 672 'not
927 664 931 672 .

146 697 170 737 ll.
184 699 244 737 3122.
308 697 310 701 “

519 825 559 866 82.

199 917 281 957 891-96.
292 918 406 957 Formosus
415 929 472 966 puprr
480 917 584 966 episcopis
591 917 692 966 Arrgliae.
706 917 757 957 Vide
764 930 829 966 supro
837 930 869 958 nr.
882 919 928 958 noc.

146 981 170 1021 IL
181 982 244 1022 3506.

519 1108 559 1150 83.

199 1200 246 1248 967.
262 1199 367 1240 Iohannes
381 1201 435 1240 XIII
447 1200 574 1240 rnouusterro
584 1199 607 1240 S.
618 1200 777 1241 Bartholomaei
790 1202 848 1241 extra
863 1212 933 1241 muros

146 1267 300 1307 ferrarr'euses.

200 1355 255 1396 Cum
271 1359 341 1396 autem
357 1357 455 1406 generale
474 1357 608 1396 interdictum
627 1360 681 1397 terre
699 1358 768 1404 luerit,
785 1357 845 1397 liceat
864 1357 932 1404 uobis,

147 1422 223 1461 clausis
239 1423 315 1471 januis,
335 1434 378 1461 non
397 1422 485 1471 pulsatis
503 1423 619 1471 campanis,
638 1422 728 1462 exclusis
746 1423 934 1462 excommunicatis

146 1489 166 1527 et
182 1488 304 1534 interdictis,
321 1499 434 1536 suppressa
450 1499 502 1527 voce
517 1487 587 1527 divina
602 1486 708 1527 celebrare
724 1487 802 1527 officia.

200 1561 384 1608 Pflrrglr-Hurttung
396 1562 410 1597 ll
424 1564 447 1598 48
461 1573 487 1597 nr.
497 1564 525 1604 83;
539 1552 562 1598 ll.
571 1563 623 1598 3711.
638 1563 780 1598 Documentum
798 1564 847 1598 certe
860 1562 945 1605 laisum,v

146 1632 194 1656 saec.
208 1629 244 1656 xnr
258 1623 289 1656 aut
302 1629 338 1657 xlv
351 1620 465 1657 coniectum.
479 1621 536 1657 Italia
550 1621 622 1665 Pontis.
636 1622 652 1658 V
666 1622 705 1657 233.

520 1750 560 1791 84.

200 1841 247 1892 979,
263 1843 305 1883 lllai
321 1844 340 1884 8.
356 1843 483 1884 BeuedIctus
502 1843 540 1884 VII
554 1822 761 1884 Gausherto‘abbatr
774 1843 852 1884 Berred.
864 1856 934 1884 monn-

146 1910 207 1951 sterr'i
221 1910 244 1951 S.
260 1910 319 1950 Petri
332 1910 498 1950 Bisuldurzensr's
514 1909 609 1959 (Besolri,
626 1909 757 1957 Catulouial.

201 1999 362 2040 Confirmamus
378 2000 448 2049 igitur,
463 2002 483 2040 et
498 1999 617 2041 stabilimus
632 2003 654 2040 ut
669 2000 739 2040 nullus
753 2000 933 2050 archiepiscopus,

148 2066 217 2105 nullus
236 2066 351 2115 episcopus
369 2067 389 2105 in
408 2067 477 2114 ipsum
499 2066 659 2113 monasterium,
678 2066 789 2105 sivesuas
807 2066 906 2106 ecclesias
924 2077 935 2105 a

148 2131 256 2179 praedicto
274 2132 378 2179 episcopo
398 2127 549 2178 [Gerundensi
566 2126 661 2177 Gerona]
678 2130 744 2177 datas,
763 2143 832 2179 neque
847 2130 936 2171 clericos

148 2197 168 2235 in
184 2197 214 2236 eis
229 2198 315 2244 stantes,
333 2196 352 2235 in
368 2196 444 2237 eodem
462 2197 599 2243 monasterio,
616 2208 685 2245 neque
700 2195 806 2243 abbatem,
818 2196 936 2251 monachos

147 2264 167 2301 et
182 2273 298 2301 conversos
312 2273 363 2301 suos
382 2262 458 2301 audeat
473 2264 493 2301 et
508 2264 629 2311 praesumat
646 2262 771 2301 sententiam
791 2262 935 2301 excommuni-

148 2327 237 2366 cationis
252 2326 336 2373 interre,
352 2327 384 2366 vel
400 2338 411 2366 a
426 2326 485 2366 nullo
501 2328 583 2376 possint
598 2327 693 2366 interdici
705 2326 736 2366 vel
748 2327 934 2372 excommunicari,

148 2393 186 2431 nisi
203 2403 214 2431 a
229 2392 326 2434 Romano
342 2391 451 2440 pontifice.
475 2427 478 2434 .

203 2456 254 2497 ltem
270 2458 333 2497 etiam
349 2457 494 2504 concedimus,
511 2460 533 2497 ut
548 2458 564 2497 si
580 2458 628 2506 quis
643 2469 705 2497 causa
719 2458 821 2497 orationis
836 2456 862 2497 ad
878 2468 936 2506 prae-

148 2523 227 2564 dictum
247 2524 399 2564 monasterium
418 2524 506 2571 venerit,
525 2523 601 2564 lrabeat
619 2524 724 2564 licentiam
744 2523 900 2571 introducendi,
917 2525 936 2562 et

148 2601 212 2629 omne
228 2590 323 2629 officium
342 2590 450 2637 audiendi,
471 2590 510 2629 nisi
526 2589 580 2629 forte
595 2590 643 2639 quis
658 2593 715 2629 reatu
726 2601 765 2629 suo
777 2590 864 2639 proprio
875 2589 937 2628 luerit

149 2656 353 2696 excommunicatus.

201 2729 294 2774 Murteae,
309 2731 348 2766 Vct.
362 2730 424 2775 script.
438 2730 494 2775 ampl.
509 2730 551 2766 coll.
565 2731 571 2765 l
585 2731 629 2773 3283
644 2730 666 2766 ll.
680 2731 731 2765 3800.
