1924 3132
277 175 370 205 Decuma
384 174 434 204 ROM.
449 173 576 202 PONTIFICUM

409 336 464 379 164.

90 444 148 490 1095,
166 443 233 482 Mart.
251 443 285 482 31.
311 441 411 482 Urbanus
432 442 454 480 ΙΙ
473 439 652 490 archipresbytero
673 441 694 480 at
714 440 822 480 canonicis

34 508 101 557 regul.
117 508 216 548 acclesiae
229 508 252 548 S.
268 507 368 557 agaraae
383 504 511 552 (Cremona).

88 597 120 637 De
135 600 206 638 cetero
221 596 300 636 nullam
316 597 430 646 episeopus
446 596 466 635 in
482 595 576 644 predicta
591 596 679 635 ecclesia
695 597 821 644 potestatem

34 665 136 709 exerceat,
149 674 217 711 neque
228 662 435 708 excommunicandi,
445 673 515 710 neque
526 660 673 707 interdicendi,
683 663 718 701 aut
729 660 755 700 ad
765 660 822 700 sino-

35 727 85 767 dum
103 727 212 775 judieiaria
228 730 332 776 potestate
347 727 445 767 vocandi.

88 802 272 848 Pflugk·Harttuag
284 802 298 837 ll
314 802 347 838 100
360 813 387 837 nr.
395 802 444 853 <1933
458 802 481 837 IL
494 802 549 845 555&
562 801 619 837 ltalia
632 800 706 844 Poatrf.
716 801 740 837 Vl
754 803 768 845 1,
782 802 823 837 280.

412 934 466 977 165.

91 1041 149 1088 1095,
165 1039 236 1089 April.
251 1041 273 1080 4.
293 1018 393 1080 Urbanus
407 1040 430 1079 II
441 1039 533 1085 Ricarda
550 1039 663 1080 Cardipali
677 1041 698 1080 at
711 1039 785 1080 aaoaa'
799 1040 822 1080 S.

40 1106 130 1146 Victoris
145 1103 280 1152 (Marseillel.

91 1195 203 1244 Episcopis
218 1198 287 1235 autem
304 1195 438 1235 interdictum
454 1194 561 1241 volumus,
578 1206 604 1234 ne
620 1194 744 1235 inconsultis
764 1194 825 1235 vobis

14 1254 15 1258 ’
37 1264 72 1301 aut
86 1261 183 1301 locorum
195 1261 317 1309 prepositis,
333 1261 380 1300 loca
394 1263 463 1300 vestra
478 1261 510 1300 vel
526 1260 625 1300 ecclesias
640 1261 826 1300 excommunicent

37 1329 72 1366 aut
87 1326 219 1366 interdicant.
232 1326 298 1366 Porro
308 1326 328 1365 in
337 1326 432 1365 ecclesiis
441 1326 556 1366 interdictis
564 1326 626 1365 vobis
637 1326 746 1366 licenciam
758 1326 825 1365 indul-

37 1403 120 1440 gemus,
130 1403 178 1431 cum
190 1391 216 1431 ad
225 1403 249 1431 ea
260 1391 306 1431 loca
316 1391 422 1438 veneritis,
434 1402 531 1431 seorsum
543 1391 613 1431 divina
624 1390 696 1431 officia
710 1390 824 1431 celebrare.

86 1466 180 1510 Orrarard,
188 1465 243 1502 Cart.
257 1466 280 1501 de
294 1465 398 1502 St.-Vict0r
411 1477 429 1511 p.
442 1466 478 1502 210
491 1476 518 1501 nr.
531 1466 577 1509 8403
596 1466 682 1502 115560.

413 1600 468 1642 166.

94 1705 152 1752 1095,
168 1704 239 1753 April.
255 1705 289 1744 16.
307 1703 408 1745 Urbanas
422 1705 444 1744 ΙΙ
456 1704 554 1744 omnibus
568 1704 732 1754 archiepiscopis
746 1707 767 1744 at
785 1705 827 1754 epi-

38 1770 108 1819 scopis
122 1772 238 1818 portatam
252 1770 390 1818 Hispaniam.
406 1769 544 1818 Privilagium
565 1770 689 1810 monasterii
712 1770 734 1810 S.
761 1770 827 1810 Victa-

39 1835 103 1882 riarzr',
121 1834 148 1875 Ο.
157 1834 180 1876 S.
189 1836 215 1875 B.
231 1835 360 1903 Asopiapsis
376 1833 428 1881 (Sap
448 1835 562 1884 Victoriam
578 1834 698 1881 Sobrarbe).

93 1924 169 1965 Nullus
184 1925 247 1978 etiam
263 1927 355 1977 vestrum
374 1924 405 1964 vel
428 1936 576 1964 successorum
598 1927 716 1971 nestrorum
739 1936 828 1974 quoquo

40 1989 106 2030 modo
122 1990 198 2030 audeat
213 1989 336 2030 iamdictum
353 1990 431 2036 locum,
448 1990 548 2030 ecclesias
563 1990 589 2029 ad
605 1990 674 2038 ipsum
691 1990 827 2038 pertinentes,

40 2054 127 2095 abbates
135 2054 254 2095 monachos
262 2054 303 2095 aud
312 2055 400 2095 clericos
409 2055 475 2104 ipsius
484 2056 645 2095 excomunicare
654 2055 685 2095 vel
695 2055 827 2095 interdicere.

88 2129 139 2165 Paul
151 2129 208 2175 Kotor,
222 2129 320 2176 Papsturk.
333 2131 352 2165 in
366 2130 455 2176 Spanien,
469 2130 490 2165 ll.
505 2130 590 2166 Navarra
609 2130 648 2165 und
668 2130 745 2176 Aragon
767 2128 829 2174 (1928)

40 2190 86 2232 275;
101 2189 237 2225 documentum
251 2188 383 2226 falsificatum!
398 2190 420 2225 ll.
433 2209 444 2215 -

416 2325 470 2367 167.

97 2430 155 2477 1095,
170 2429 241 2478 April.
258 2430 290 2469 19.
310 2428 410 2474 Urbanas
420 2429 442 2469 ΙΙ
449 2429 577 2469 monasterio
592 2428 740 2470 Aureliaceasr'
750 2428 830 2476 (Araril-

42 2494 82 2544 lac,
100 2495 121 2535 a.
142 2493 265 2541 Clerraoptl.

96 2584 141 2624 Nec
156 2584 256 2624 cellarum
272 2586 388 2624 vestrarum
404 2584 493 2624 ubilibet
509 2585 625 2634 positarum
641 2584 715 2625 tratres
726 2596 764 2634 pro
780 2596 830 2633 qua-

42 2649 93 2689 libet
110 2648 258 2689 interdictione
273 2648 306 2689 vel
321 2650 543 2690 excommunicatione
565 2650 685 2690 divinorum
709 2649 830 2690 otticiorum

42 2714 205 2763 suspensionem
221 2715 334 2764 patiantur,
350 2715 388 2755 sed
403 2718 445 2755 tam
462 2715 560 2755 monachi
577 2716 624 2765 ipsi,
640 2727 704 2764 quam
720 2718 740 2756 et
757 2715 830 2756 famuli
