1975 3157
138 146 161 181 50
406 152 534 189 SCRlPTORES,
548 153 659 181 Ei'lSTOLAE

140 285 227 323 pensem
242 275 312 313 utrum
327 272 381 320 juste
392 285 417 313 an
429 265 504 321 injuste
515 276 584 313 vester
599 276 670 322 pastor
683 286 721 314 vos
731 272 865 322 obligaverit,
876 285 925 313 cum

140 339 181 379 troc
191 341 272 379 tantum
283 339 396 379 observare
407 338 504 386 debeam,
516 341 539 378 ut
554 340 574 378 in
589 339 679 379 alienam
691 351 782 379 messem
794 338 869 379 lalcem
883 350 925 378 non
969 329 986 386 32⁷

140 404 229 444 mittam.
251 404 348 444 Libenter
368 407 437 444 autem
458 405 520 444 tantis
540 404 601 444 malis
620 405 738 444 remedium
758 416 890 453 quaererem,
908 404 925 444 si

118 512 120 514 ,
141 469 198 509 Deus
214 470 264 509 milri
281 469 339 510 daret
354 471 545 519 opportunitatem.
561 470 621 510 Vale.

188 551 218 586 Pl.
233 550 272 595 162,
286 552 325 586 134.
339 550 368 586 De
381 550 480 607 interdicto
500 550 591 596 Sagiense
605 550 708 587 Ordericus
719 551 787 587 Vitatis
800 551 818 586 in
830 561 864 586 sua
879 550 926 586 tlisi.

141 610 185 646 eccl.
199 610 238 645 Lib.
252 610 293 646 Vlll
308 620 323 646 c.
337 612 360 646 24
372 610 465 655 loquitur3
478 612 551 646 textum
564 610 607 646 vide
621 621 678 656 supra
691 621 718 646 nr.
731 611 760 646 39.

516 757 556 799 42.

195 868 249 909 Ante
268 868 325 909 ¹⁰9⁶·
348 869 383 908 ¹¹²0
406 868 493 909 Cami-
515 867 613 913 Riclrerr'o
633 868 790 918 archiepiscopo
811 868 929 908 senonensi

142 931 220 980 (Seps).

197 1023 235 1072 lip.
252 1023 284 1062 50.
301 1021 333 1062 Ad
349 1022 447 1063 ultimum
463 1034 517 1071 rogo
533 1023 678 1071 paternitatem
698 1026 796 1070 vestram,
815 1025 837 1062 ut
854 1035 928 1062 secun·

143 1088 193 1127 dum
210 1088 362 1128 institutionem
379 1089 436 1136 pacis
451 1100 505 1136 quae
520 1099 531 1127 a
542 1088 624 1127 domno
635 1100 690 1137 papa
701 1087 801 1127 omnibus
812 1087 928 1128 Gallicanis
979 1107 983 1142 j

143 1153 236 1192 ecclesiis
252 1153 329 1195 indicta
345 1156 383 1199 est,
400 1153 426 1192 de
442 1153 576 1201 parochianis
593 1153 667 1192 vestris
685 1152 853 1201 Stampensihus,
872 1153 929 1192 vide·

143 1218 190 1257 licet
213 1218 304 1258 Ursione
328 1218 373 1257 lilio
395 1218 519 1257 Theodonis
543 1221 563 1258 et
587 1218 729 1267 complicibus
750 1218 803 1265 ejus,
827 1218 928 1267 justitiam

143 1283 235 1327 faciatis:
251 1284 287 1332 oui
303 1284 439 1332 episcopatus
454 1284 519 1323 nostri
537 1286 617 1332 partem
633 1284 765 1333 episcopatui
780 1286 850 1323 uestro
863 1284 929 1323 conti·

144 1360 207 1397 guam
228 1350 316 1388 omnino
337 1349 453 1396 devastant,
474 1351 494 1388 et
514 1360 587 1397 pacem
610 1361 674 1397 quam
695 1348 758 1388 habet
780 1349 859 1397 reliqua
883 1360 930 1397 pars
982 1338 985 1389 Ῐ

144 1415 279 1462 episcopatus
296 1415 341 1454 sine
359 1426 422 1454 causa
440 1414 569 1462 perturbant.
589 1413 705 1463 Praecipite
723 1414 793 1462 itaque
810 1413 929 1462 Stampensi
983 1429 985 1457 ἢ

144 1478 334 1528 archipresbytero,
351 1482 373 1519 ut
387 1491 425 1519 eos
440 1479 472 1519 vel
487 1479 513 1518 ad
528 1479 694 1518 satisfactionem
712 1480 810 1526 adducat,
829 1479 861 1518 vel
880 1480 931 1527 ipsis
984 1485 986 1488 ’

144 1545 333 1584 excommunicatis
350 1547 370 1584 et
388 1545 440 1584 locis
458 1545 478 1583 in
496 1545 574 1593 quibus
591 1546 701 1584 morantur
718 1545 813 1584 divinum
834 1544 930 1584 oliicium

145 1609 254 1649 interdicat
264 1610 382 1649 secundum
393 1610 571 1650 consuetudinem
588 1611 652 1659 pacis.
668 1610 749 1656 Valete,
765 1612 785 1649 et
796 1609 855 1658 quod
870 1610 931 1649 vobis
985 1601 987 1607 ⁴

145 1675 213 1723 placet
228 1687 265 1724 per
280 1676 422 1724 praesentium
439 1675 563 1724 portitorem
580 1675 630 1715 milri
647 1675 776 1715 remandate.

193 1755 228 1791 ru.
244 1756 283 1799 raa,
296 1756 325 1791 aa.

515 1885 560 1927 43.

199 2008 217 2035 c.
236 1996 293 2035 1896.
313 1997 347 2034 lvo
363 1995 450 2035 Comot.
469 1995 580 2035 Souctioni
598 1990 695 2045 episcopo
714 1994 866 2035 Aurelianensi
884 1994 932 2041 (Or-

146 2059 222 2106 le‘onsl¹

201 2150 239 2198 Ep.
255 2150 288 2189 62.
305 2149 337 2189 De
352 2150 434 2189 clericis
448 2152 518 2189 autem
534 2150 566 2189 vel
582 2149 693 2189 monachis
708 2149 881 2196 Puteacensrbus,
897 2150 933 2198 qui

147 2218 219 2255 eontra
235 2215 368 2254 interdictum
385 2218 477 2255 vestrum
494 2216 568 2255 missas
584 2214 750 2261 celebraverunt,
764 2217 860 2254 mortuos
874 2227 933 2263 sepe-

146 2281 230 2327 lierunt,
253 2281 344 2320 chrisma
366 2280 451 2320 aliunde
473 2283 607 2329 aeceperunt,
630 2279 671 2320 hoc
693 2279 754 2320 vobis
774 2280 894 2329 respondeo
915 2283 934 2320 et

147 2346 244 2393 consulo,
256 2348 278 2385 ut
288 2347 305 2385 si
316 2346 405 2395 gratiam
417 2345 564 2395 Lugdunensis
579 2345 733 2394 archiepiscopi
745 2345 834 2394 pleniter
844 2345 933 2392 habetis,

147 2411 211 2459 cujus*
221 2423 327 2451 consensu
343 2411 477 2451 interdictum
493 2415 585 2451 vestrum
602 2411 703 2459 praedicti
718 2410 857 2450 Puteacenses
868 2423 935 2450 cassa-

147 2479 191 2516 tum
207 2477 272 2516 tuisse
287 2477 367 2522 dicunt.
385 2476 469 2525 plenam
484 2476 602 2516 secundum
621 2477 713 2524 rigorem
729 2477 856 2516 canonicum
871 2488 936 2525 super

147 2541 252 2589 ejusmodi
268 2544 424 2590 trangressores
438 2542 552 2581 vindictam
573 2542 693 2588 exerceatis¹
711 2544 732 2581 ut
747 2544 767 2581 et
782 2542 833 2581 istos
848 2544 868 2581 et
883 2541 935 2581 alios

148 2607 174 2646 ab
189 2606 311 2654 hujusmodi
328 2607 471 2647 inobedientia
486 2608 635 2656 compescatis.

196 2688 232 2725 Pr.
247 2688 286 2732 162,
300 2689 328 2723 rr.
