1975 3157
404 166 532 203 scaroroaes,
546 155 656 194 ensrocle

511 318 551 360 46.

190 428 240 469 Post
257 429 315 469 1100.
331 429 365 469 ivo
382 428 468 469 Cornot.
484 428 587 469 Posciroli
600 429 628 469 ll.
643 440 724 468 surnrno
739 428 850 478 Pontifici.

191 518 229 567 Ep.
245 519 278 558 ot.
297 517 406 564 Quoniam
417 517 490 558 divino
501 518 607 565 adiutorio
618 517 756 558 Carnotensis
767 529 840 558 comes
849 530 923 567 pravas

136 584 302 624 consuetudines
317 595 370 633 quas
384 583 501 623 habuerant
516 586 661 624 antecessores
675 584 715 630 sui,
732 586 752 624 et
768 584 812 633 ipse
824 585 844 623 in
855 585 923 623 domi·

136 649 176 689 bus
192 652 211 689 et
227 649 289 689 rebus
304 648 442 689 Carnotensis
457 649 553 698 episcopi
569 649 661 689 defuncti
677 649 709 689 vel
732 649 832 698 depositi,
855 649 923 690 multo

137 727 186 755 meo
201 714 273 755 labore
288 718 309 754 et
323 717 410 764 sumptu
426 714 531 754 Ecclesiae
546 715 633 762 dimisit,
650 718 670 755 et
685 715 776 764 parvitas
792 727 838 755 mea
860 727 924 765 super

137 780 185 827 hoc,
202 780 336 829 privilegium
352 792 363 820 a
378 781 487 820 sanctitate
502 783 570 820 vestra
582 782 722 828 promeruerit
733 781 759 820 ad
771 780 923 829 perficiendam

137 846 232 895 eiusdem
248 845 350 886 libertatis
373 846 567 892 confirmationem,
590 849 639 894 peto
662 845 688 885 ab
710 845 832 886 excellentia
856 848 924 885 vestra
977 835 987 912 Ξ

137 912 190 951 mitti
206 911 285 951 litteras
299 911 356 951 clero
371 909 497 951 Carnotensi
522 912 655 951 continentes
677 911 731 950 lranc
752 906 886 955 sententiam.
902 913 924 950 ut
977 913 987 965 {j

137 977 153 1016 si
169 976 223 1016 forte
239 976 302 1025 aliqui
318 975 482 1016 Carnotensium
498 977 609 1022 comitum,
626 976 658 1016 vel
680 977 826 1016 ministrorum
848 988 924 1016 eorun-
978 965 987 1025 lg

138 1042 186 1081 dem
198 1042 313 1090 aliquando
323 1041 400 1091 cupida
409 1042 526 1082 temeritate
534 1044 554 1081 et
562 1042 673 1081 temeraria
681 1041 797 1091 cupiditate
806 1041 923 1082 libertatem
979 1040 987 1056 ’

137 1119 148 1147 a
164 1108 241 1147 comite
255 1119 378 1147 concessam
394 1107 525 1155 infregerint,
541 1109 649 1156 tamquam
665 1107 800 1147 ecclesiastici
820 1107 871 1155 juris
893 1118 924 1147 sa·

137 1173 209 1221 crilegi
226 1184 349 1226 pervasores
364 1172 390 1212 ab
406 1173 453 1221 ipso
468 1172 525 1211 clero
540 1172 657 1221 apostolica
668 1173 791 1212 anctoritate
802 1184 924 1212 excommu·

138 1238 240 1284 nicentur‚
258 1240 277 1277 et
293 1237 406 1283 Ecclesiae,
422 1239 464 1276 tam
480 1237 552 1277 civiles
573 1249 637 1286 quam
659 1237 793 1277 suburbanae
815 1234 883 1286 usque
898 1237 924 1277 ad

138 1303 302 1342 satisfactionem
318 1302 450 1342 claudantur.
466 1303 515 1342 Non
531 1303 587 1341 enirn
604 1305 673 1350 potest
689 1303 781 1351 populus
797 1303 876 1351 rapinis
894 1314 924 1342 as·

138 1370 210 1408 suetus
225 1368 284 1408 aliter
299 1380 310 1408 a
324 1379 362 1408 sua
377 1368 456 1407 malitia
471 1368 571 1414 coerceri,
588 1368 627 1407 nisi
643 1379 728 1408 summo
749 1368 819 1416 rigore
833 1368 925 1416 justitiae

138 1433 261 1480 refrenetur,
271 1436 291 1473 et
299 1433 385 1473 terribili
395 1426 615 1473 excommunicatione
624 1433 733 1482 plectatur.
745 1433 842 1473 Addatur
852 1434 923 1480 etiam,
983 1442 985 1446 ’

138 1499 184 1539 utsi
196 1498 312 1539 succedens
327 1499 441 1547 episcopus
456 1498 511 1537 illius
526 1498 629 1546 sacrilegii
646 1501 762 1547 patratores
777 1498 858 1548 absque
866 1499 925 1538 satis·
984 1514 987 1539 ε

138 1564 230 1604 factione
253 1563 375 1611 absolverit,
396 1563 428 1604 vel
450 1563 567 1603 ambitione
589 1564 711 1613 acquirendi
735 1564 871 1613 episcopatus
893 1563 925 1603 vel
984 1562 986 1606 ζ

138 1631 215 1669 timore
230 1629 338 1669 amittendi
354 1629 518 1678 supportaverit,
534 1631 642 1678 tamquam
658 1628 761 1678 sacrilegii
777 1630 890 1678 particeps,
906 1631 926 1668 et

139 1696 274 1743 episcopatus
289 1697 364 1734 exutor
378 1694 517 1743 adjudicetur.
533 1694 577 1733 Tali
593 1695 649 1734 enim
666 1694 727 1734 obice
742 1694 820 1743 poterit
835 1694 926 1734 malitiae

138 1763 221 1800 torrens
243 1772 254 1799 a
276 1760 339 1800 solito
362 1760 486 1808 praecipitio
508 1760 600 1806 retineri,
624 1760 720 1808 intraque
743 1759 827 1799 debitos
849 1759 926 1799 limites

139 1826 239 1865 coerceri.
256 1826 301 1865 Nec
311 1824 429 1865 indebitum
440 1828 479 1871 est,
491 1825 507 1864 si
518 1824 620 1864 adversus
635 1836 689 1865 nova
705 1825 831 1865 morborum
846 1836 924 1873 genera

139 1891 274 1931 inveniuntur
289 1893 309 1931 et
323 1893 460 1939 apponuntur
475 1890 559 1930 insolita
575 1890 737 1930 medicamenta.
754 1890 834 1930 Valete.

188 1971 217 2006 PL
232 1970 271 2014 162,
286 1972 325 2006 114.
339 1992 361 1997 -
376 1970 455 2016 Propter
474 1971 523 2006 lranc
543 1970 643 2016 epistolam
663 1971 740 2016 saepius
759 1970 874 2006 affirmatum
893 1973 926 2013 est,

139 2040 200 2076 usque
213 2030 237 2065 ad
250 2031 330 2066 aetatem
344 2030 407 2065 lvonis
421 2029 540 2066 interdictum
555 2040 593 2065 rem
607 2040 685 2075 prorsus
700 2030 784 2076 ignotam
798 2029 861 2066 fuisse.

516 2177 556 2219 47.

194 2289 228 2328 lvo
244 2288 331 2329 Cornot.
347 2287 428 2328 Adelne
442 2288 569 2328 comitissae.

195 2378 233 2427 Ep.
251 2379 296 2417 121.
312 2377 353 2417 Pro
368 2389 452 2417 summa
474 2377 574 2417 charitate
596 2390 637 2426 qua
653 2378 719 2427 diligo
735 2378 876 2428 principatum
893 2391 926 2419 ve·

140 2446 214 2490 strum,
232 2445 275 2492 jam
290 2443 356 2483 semel
372 2445 392 2482 et
406 2443 501 2482 secundo
524 2444 597 2483 monui
620 2442 767 2483 celsitudinem
790 2446 889 2491 vestram,
906 2446 928 2483 ut

140 2509 198 2558 quod
214 2508 305 2548 dictante
322 2509 351 2547 ira
365 2508 479 2548 suaderent
493 2508 554 2548 vobis
576 2508 691 2548 servientes
712 2509 783 2556 vestri,
799 2521 842 2549 non
857 2509 927 2549 statim

140 2574 268 2623 reciperetis¹
285 2573 322 2613 sed
345 2572 435 2613 reditum
458 2576 550 2613 vestrum
566 2573 592 2613 ad
608 2585 654 2620 nos,
671 2573 697 2613 ad
712 2573 840 2613 audiendam
856 2577 876 2614 et
891 2585 926 2613 co·

140 2639 285 2688 gnoscendam
301 2639 410 2678 veritatem
425 2650 495 2678 rerum
513 2641 620 2687 gestarum
631 2639 787 2688 exspectaretis,
800 2639 849 2688 quia
861 2640 927 2688 parati

140 2708 198 2745 erant
213 2707 233 2745 et
244 2704 313 2744 adhuc
323 2707 372 2744 sunt
380 2716 455 2744 omnes
463 2704 559 2744 canonici
569 2704 642 2744 beatae
651 2704 730 2744 Mariae
739 2707 759 2744 et
768 2704 927 2754 exsequendum
