1975 3157
129 164 152 198 24
375 172 468 200 orcvsrn
482 172 532 201 von.
546 172 674 200 vonrrrrcon

129 292 152 329 ut
166 290 284 338 apostolica
298 290 364 329 tultus
378 282 502 329 auctoritate
518 302 622 329 unacum
641 290 783 330 confratribus
800 291 842 330 tuis
860 293 916 331 ante-

129 355 236 404 signatum
247 355 318 395 locum
334 355 360 395 ab
375 355 433 395 omni
448 356 596 396 interdictione
611 358 631 395 et
646 357 866 396 excommunicatione
881 355 916 396 ab·

129 421 199 460 solvas
214 423 235 460 et
249 421 324 460 eadem
339 422 463 461 auctoritate
479 421 601 470 presbiteris
616 420 695 461 ibidem
711 421 876 462 consistentibus
890 421 916 461 ad

130 486 280 525 celebrandum
296 486 391 526 divinum
407 486 504 526 otticium
519 487 633 533 roboratis,
649 488 774 535 episcopum
790 489 813 526 ut
827 486 916 527 nobis...

131 551 284 600 respondeat...
301 563 448 592 commoneas.
789 562 791 564 ’

184 631 242 676 Greg.
255 632 289 668 Vll
303 632 412 677 Registrum
426 632 432 667 i
446 634 466 668 81
482 643 500 678 p.
515 634 548 668 115
562 643 586 676 s.;
601 633 629 669 lL
641 632 694 670 4809.

506 785 560 827 126.

186 890 244 936 1074,
260 889 318 938 Sept.
335 890 367 929 IO.
385 888 502 937 Gregorius
521 889 560 928 Vll
575 889 678 938 episcopis
696 890 833 929 Francorum.
849 889 919 939 Regni

130 954 234 994 franciae
251 954 384 994 calamitates
401 956 422 994 et
438 954 495 1002 regis
513 953 609 1003 nefanda
625 954 705 994 scelera
722 956 803 994 narrat.
823 955 921 1003 lna-epar

131 1019 239 1068 episcopos
249 1018 275 1059 da
284 1031 354 1059 eorum
364 1021 438 1059 contra
448 1019 570 1069 aujasmoal
577 1020 656 1059 scelera
665 1019 816 1059 taciturnitate.
826 1019 921 1060 Mandat

131 1088 156 1125 ut
168 1097 240 1125 omues
253 1085 319 1125 simul
332 1086 456 1134 congregati
470 1097 538 1134 regem
553 1085 687 1125 admoneant.

185 1173 251 1221 Quod
269 1175 285 1214 si
304 1186 342 1214 vos
360 1173 433 1214 audire
453 1175 569 1215 noluerit...
591 1174 708 1223 apostolice
727 1174 918 1215 animadversionis

132 1240 226 1289 gladium
247 1251 381 1289 nequaquam
402 1251 450 1279 eum
469 1240 548 1279 diutius
566 1239 661 1289 effugere
680 1251 743 1289 posse
761 1240 821 1288 quasi
840 1252 865 1279 ex
883 1252 919 1280 ore

132 1308 206 1345 nostro
216 1304 255 1345 sibi
267 1305 382 1345 notificate.
399 1305 489 1354 Propter
503 1305 562 1354 quod
577 1308 597 1344 et
612 1316 650 1344 vos
665 1305 781 1354 apostolica
796 1306 920 1344 auctoritate

132 1371 284 1410 commoniti...
301 1371 327 1410 ab
343 1370 387 1418 eius
404 1382 443 1410 vos
461 1370 566 1420 obsequio
585 1373 648 1419 atque
666 1371 818 1411 communione
837 1371 920 1419 penitus

132 1438 254 1485 separantes
270 1447 307 1485 per
321 1437 441 1475 universam
457 1436 566 1475 franciam
582 1448 646 1476 omne
660 1436 755 1475 divinum
771 1435 867 1476 otticium
883 1447 920 1485 pu-

132 1501 187 1541 blice
209 1501 309 1541 celebrari
332 1501 457 1542 interdicite.
481 1501 565 1548 Quodsi
586 1514 625 1541 nec
644 1502 766 1550 hujusmodi
790 1501 921 1541 districtione

132 1567 223 1607 voluerit
240 1567 371 1616 resipiscere,
387 1566 438 1606 nulli
456 1567 510 1607 clam
529 1569 564 1606 aut
581 1567 670 1607 dubium
686 1578 731 1607 esse
746 1567 853 1614 volumus,
869 1567 920 1616 quin

133 1633 204 1672 modis
219 1632 319 1672 omnibus
334 1644 424 1681 regnum
442 1633 529 1672 Francie
547 1632 633 1679 deeius
651 1633 791 1681 occupatione
809 1631 921 1679 adiuvante

133 1698 180 1738 Deo
195 1700 324 1747 temptemus
335 1698 423 1746 eripere.
440 1697 494 1738 Sane
509 1699 525 1738 si
541 1698 561 1737 in
577 1697 618 1737 hoc
633 1700 691 1737 tanto
702 1700 788 1747 tamque
801 1698 921 1737 necessario

133 1763 221 1812 negotio
236 1764 321 1812 tepidos
336 1774 374 1803 vos
389 1763 562 1812 cognoverimus,
574 1774 617 1802 non
632 1759 674 1811 jam¹
690 1762 781 1811 amplius
792 1761 920 1810 dubitantes,

133 1829 184 1877 quin
200 1831 268 1868 vestra
283 1828 361 1868 iiducia
376 1828 441 1868 tultus
456 1827 607 1877 incorrigibilis
623 1828 729 1877 perduret,
742 1839 780 1867 vos
795 1828 853 1876 ipsos
868 1828 922 1867 sicut

133 1894 204 1934 socios
219 1896 239 1934 et
253 1894 370 1943 complices
380 1894 483 1942 scelerum
495 1894 540 1942 ejus
551 1894 666 1942 episcopali
679 1894 772 1942 privatos
787 1893 861 1933 otticio
877 1894 920 1942 pari

133 1960 225 1999 vindicte
239 1959 309 2006 iaculo
324 1959 433 1999 feriemus.

187 2039 414 2085 Greg.VllRegistr1lrrz
428 2040 443 2075 11
457 2041 467 2075 5
481 2052 499 2085 p.
514 2041 547 2076 129
560 2050 593 2083 ss.;
608 2040 630 2075 IL
643 2040 695 2075 4878.

510 2186 564 2228 127.

190 2292 248 2338 1075,
259 2290 330 2339 April.
342 2292 362 2331 9.
376 2290 492 2340 Gregorius
506 2290 545 2331 Vll
555 2289 669 2330 Cuniborto
679 2290 775 2339 episcopo
788 2290 922 2330 taurinensi.

134 2356 228 2396 Mandat
245 2358 269 2396 at
284 2356 412 2396 monasterio
430 2356 452 2396 S.
468 2356 583 2396 Michaelis
603 2355 688 2396 Clusini
705 2352 738 2402 (S.
757 2355 850 2396 Miclzela
866 2355 924 2396 della

136 2420 227 2469 Clausa)
242 2422 323 2462 nullam
338 2422 440 2471 injuriam
455 2421 542 2470 inferat.

189 2511 274 2551 Interim
285 2523 335 2551 vero
347 2511 421 2551 eadem
432 2511 556 2551 auctoritate
567 2511 703 2559 precipimus,
713 2513 735 2550 ut
746 2522 815 2559 neque
826 2509 923 2550 vocando

135 2577 161 2617 ad
172 2577 277 2626 synodum
293 2588 332 2616 nec
347 2576 419 2626 aliquo
435 2574 554 2624 interdictu,
567 2576 658 2624 denique
674 2576 732 2616 nullo
746 2587 847 2624 umquam
863 2587 923 2615 vexa-

134 2644 199 2683 tionis
209 2643 301 2682 modo...
312 2643 428 2691 inquietare
439 2654 556 2691 presumas,
566 2645 586 2681 et
596 2653 651 2690 quos
662 2641 801 2681 anathematis
812 2641 922 2680 vinculo...

135 2708 259 2757 alligasti...
276 2715 299 2748 ut
313 2710 333 2748 et
348 2711 369 2748 tu
386 2719 423 2748 eos
440 2707 546 2755 absolvas,
562 2707 633 2748 locum
653 2707 689 2747 tibi
705 2710 725 2747 et
741 2707 821 2747 monita
839 2706 922 2747 damus.
