1975 3157
150 166 173 200 28
396 173 488 203 neonem
502 174 552 202 non.
567 173 694 201 rourrrrcun

151 292 246 339 ecclesia,
265 292 367 341 quamdiu
386 293 443 341 ipsae
460 292 636 332 Sanctimoniales
653 292 732 332 ibidem
752 304 861 332 remanere
879 304 937 340 prae·

151 359 287 407 sumpserint,
299 358 393 397 divinum
408 357 504 398 oiticium
515 357 639 405 celebretur,
651 357 775 407 Apostolica
790 358 937 398 interdictione

151 423 316 472 prohibemus...
334 450 336 453 .
693 422 695 426 ’

205 504 322 540 Bibliotheca
334 503 465 540 Cluniacensis
478 506 510 541 511
526 515 550 540 se.

525 645 579 686 134.

207 750 264 797 1079,
284 749 327 789 Iuli
349 751 370 789 4.
395 748 511 798 Gregorius
534 748 572 788 VII
593 749 702 789 Bernurclo
726 749 800 789 nbbuti
815 750 938 790 monosterii

150 815 221 855 suncti
238 815 327 855 Victoris
345 813 480 861 (Morseille).

206 916 270 945 ...nec
285 905 361 959 quovis
376 904 442 944 modo
457 904 547 953 quisque
570 905 683 953 episcopus
705 916 742 944 seu
765 905 938 954 archiepiscopus

151 971 221 1010 locum
238 971 307 1019 ipsum
322 982 359 1009 seu
375 969 466 1018 capellas
488 970 619 1018 supradictas
640 970 738 1010 videlicet
759 971 825 1010 sancti
848 971 902 1010 Petri
918 973 938 1010 et

151 1048 168 1076 s.
184 1035 281 1075 Andreae
296 1039 316 1075 et
331 1048 347 1075 s.
365 1035 464 1082 Ferreoli,
481 1035 513 1074 vel
529 1035 658 1084 presbiteros
673 1035 699 1075 ab
714 1035 790 1076 abbate
810 1035 838 1075 ibi
861 1037 937 1076 consti-

151 1104 208 1142 tutos
219 1101 251 1141 vel
269 1101 386 1141 monachos
397 1101 463 1150 ipsius
473 1101 595 1141 monasterii
607 1102 792 1141 excommunicare
802 1102 834 1141 vel
845 1101 938 1149 iudicare

151 1167 234 1213 audeat,
250 1166 288 1206 sed
303 1178 388 1215 semper
406 1165 446 1206 sub
461 1166 525 1206 tutela
540 1169 560 1206 et
575 1167 690 1206 emunitate
712 1167 807 1209 Romana
829 1167 938 1216 soliusque

152 1232 241 1274 Romani
258 1231 365 1281 pontilicis
379 1232 459 1280 judicio
474 1233 621 1278 consistentes,
641 1233 782 1281 omnipotenti
799 1232 846 1272 Deo
868 1233 938 1281 oiriete

152 1300 172 1338 et
186 1298 253 1337 securi
270 1297 396 1337 deserviant.

201 1378 294 1423 (irroraret,
307 1378 410 1415 Cartulaire
424 1378 447 1414 de
461 1378 547 1424 l'abbaye
560 1379 584 1415 de
597 1378 701 1415 St-Victor
720 1379 744 1415 de
757 1379 858 1423 Nlarseille‚
872 1390 890 1424 p.
904 1380 938 1415 220

151 1449 179 1473 nr.
192 1438 236 1481 8433
251 1438 273 1473 lL
286 1439 338 1474 5131.

526 1583 582 1627 135.

208 1697 266 1744 1080,
281 1697 349 1736 Mori.
364 1696 401 1735 26.
412 1695 529 1745 Gregorius
541 1695 580 1735 Vll
585 1695 681 1736 Huberto
689 1695 785 1744 episcopo
797 1696 940 1736 Tarrunnensi

152 1758 303 1809 (Tarouanna).
319 1761 427 1810 Praecinit
440 1763 464 1800 nt
477 1773 547 1801 coram
561 1760 657 1801 Huberto
667 1761 764 1810 episcopo
774 1762 859 1811 Diensi,
869 1761 939 1811 legato

152 1826 358 1876 apostolicaesedis,
374 1838 397 1866 se
410 1828 531 1875 praesentet
544 1829 565 1866 ei
578 1826 604 1866 de
617 1827 691 1866 inultis
705 1827 748 1866 sibi
762 1827 850 1876 obsoniis
871 1827 939 1866 crirni-

152 1892 216 1932 nibus
230 1891 362 1941 respondeui.
378 1892 432 1941 EJus
447 1892 554 1943 cononicis
571 1892 608 1941 qui
630 1892 701 1932 villari
723 1893 831 1941 quundnrn
851 1904 939 1941 usurpa-

153 1960 226 1998 verant
239 1958 333 1997 divinum
348 1957 446 2007 officium
461 1957 576 1997 interdicit.
774 1948 776 1950 ’
928 1961 929 1965 ’

206 2047 303 2087 Preterea
318 2059 382 2086 omne
397 2047 492 2087 divinum
504 2047 599 2088 officium
611 2047 712 2087 omnibus
720 2043 828 2087 canonicis
837 2048 863 2087 de
871 2050 939 2087 castro

152 2113 217 2153 sancti
234 2112 292 2152 Pauli
308 2111 346 2159 (St.
363 2110 409 2158 Pol)
425 2114 445 2152 te
460 2112 507 2152 solo
523 2113 606 2152 interim
622 2124 690 2161 usque
710 2113 736 2152 ad
756 2113 885 2153 audientiam
906 2125 939 2152 ex-

152 2181 214 2227 cepto
230 2178 375 2218 interdicimus
390 2181 410 2218 et
425 2179 476 2226 ipsis
491 2180 511 2217 et
525 2179 578 2218 locis
597 2190 680 2225 eorum,
692 2190 805 2227 quousque
816 2178 940 2227 prephatam

152 2244 223 2283 villam
239 2255 287 2283 cum
309 2244 398 2283 ecclesia
413 2246 433 2283 et
447 2244 493 2283 aliis
510 2244 554 2283 suis
576 2244 707 2292 pertinentiis
729 2245 830 2283 canonice
853 2243 940 2283 ecclesie

152 2312 224 2350 sancte
238 2310 305 2349 blarie
320 2311 340 2348 et
354 2321 371 2349 s.
388 2308 504 2349 hudomari
514 2309 642 2349 restituerint
650 2312 670 2348 et
678 2321 749 2349 coram
761 2309 859 2349 Huberto
868 2308 940 2348 Diensi

153 2375 256 2423 episcopo
271 2374 297 2414 de
313 2374 457 2415 inobedientia
472 2376 492 2414 et
512 2374 733 2414 excommunicatione
753 2374 899 2414 satisfecerint.
917 2374 941 2413 Et

153 2441 191 2480 nisi
207 2444 229 2480 tu
244 2441 314 2480 statim
330 2441 373 2480 visa
389 2441 525 2489 preceptione
540 2443 612 2480 nostra
628 2440 727 2489 predictis
742 2440 850 2480 canonicis
865 2441 906 2479 tuis
922 2442 941 2479 et

153 2505 254 2546 omnibus
268 2506 321 2546 locis
336 2518 411 2546 eorum
426 2508 446 2545 et
462 2507 570 2555 precipue,
586 2505 621 2545 ubi
638 2506 733 2546 canonici
744 2505 874 2546 denominati
884 2508 940 2552 sunt,

153 2583 217 2612 omne
232 2572 327 2611 divinum
343 2572 439 2611 officium
456 2572 595 2618 interdixeris,
612 2583 676 2611 omne
691 2571 787 2611 oiticium
799 2574 941 2611 tuumaucto-

153 2638 212 2677 ritate
228 2638 345 2686 apostolica
360 2637 397 2678 tibi
413 2638 548 2677 interdictum
565 2639 657 2677 noveris.

201 2718 259 2764 Greg.
273 2718 306 2754 llll
320 2718 429 2764 Regisirurn
442 2719 476 2755 Vll
490 2718 512 2754 lb
525 2729 544 2764 p.
557 2719 592 2755 400
605 2729 630 2762 ss,
643 2711 666 2754 ll
679 2719 731 2754 5157.
