1975 3157
150 165 173 199 72
425 171 517 202 raficam
531 172 661 202 SYNODORUM

151 291 202 332 olim
221 290 368 331 venerabiliter
384 290 438 338 iacta
456 291 476 330 in
496 293 550 331 terra
567 289 686 340 Anglorum
704 291 804 340 coepistis
822 302 935 339 renovare;

151 368 275 397 mucronem
294 356 436 397 devotationis
453 356 590 404 retrahentes,
609 356 647 396 Dei
666 356 826 406 omnipotentis,
845 359 865 396 et
882 355 936 397 beati

152 423 206 462 Petri
218 421 365 477 apostolprum
377 422 478 471 principis
489 421 660 461 benedictionem
673 421 735 462 vobis
750 421 860 469 mittimus,
877 434 937 462 oran·

151 491 182 528 tes
200 490 222 527 ut
239 488 260 527 in
278 486 332 528 bene
349 488 431 536 coeptis
447 487 624 536 perseverantiam
640 486 760 527 trabeatis...
783 487 846 527 Nulla
868 488 938 536 itaque

152 565 212 593 mora
227 554 253 593 sit
267 552 398 602 subrogandi
414 553 478 592 alium
494 564 542 592 cum
559 552 648 601 quilibet
662 553 796 593 sacerdotum
812 565 837 593 ex
848 552 887 593 bac
897 554 938 593 vita
977 549 987 589 t

152 619 281 668 migraverit,
297 619 335 658 sed
350 630 400 658 mox
410 621 433 658 ut
443 618 471 658 illi
488 619 523 667 qui
540 619 619 666 primae
634 618 691 658 sedis
706 618 847 668 principatum
863 630 939 667 gerens

152 685 206 724 inter
216 696 254 724 vos
264 685 339 724 ceteris
349 684 457 733 episcopis
467 695 565 733 praeesse
576 683 700 730 dinoscitur,
716 684 785 724 fratris
795 684 867 724 obitus
876 684 939 725 tuerit

152 749 295 797 denuntiatus,
311 749 365 789 tacta
380 749 484 789 electione
499 750 600 789 canonice
615 749 667 789 alter
681 751 816 790 consecratus
831 749 938 805 succedat.
982 785 988 811 ὲ

200 830 230 866 ed.
242 830 343 866 Hamillon
357 830 409 873 59s.;
423 829 454 865 Pl.
466 830 495 873 79,
510 830 564 872 1471;
581 828 669 866 143506.

201 931 257 967 Nota.
271 931 291 966 tn
300 930 383 966 textibus
392 930 452 966 allatis
462 930 565 966 Formosus
575 930 627 976 Papa
636 942 652 974 a.
661 931 696 966 994
705 931 729 966 ad
740 930 850 967 Eduardum
860 930 940 976 Angtiae

153 1001 217 1037 regern
231 990 331 1036 epistolam
345 990 419 1026 misisse
431 989 540 1025 attirmatur.
554 989 612 1032 Quod
626 990 704 1035 quidem
718 990 836 1035 impossibile
849 991 883 1035 est,
896 990 940 1035 quia

153 1051 204 1085 certo
219 1051 293 1085 constat
308 1049 422 1085 Formosum
439 1044 510 1095 Papam
525 1059 542 1085 a.
557 1049 592 1085 896
607 1049 683 1093 obiisse,
701 1049 811 1085 Eduardum
829 1060 873 1085 vero
889 1060 940 1086 anno

152 1111 225 1145 tantum
239 1110 271 1145 001
287 1119 365 1154 regnare
381 1109 472 1154 coepisse.
491 1108 529 1143 tarn
545 1108 638 1144 Baronius
654 1109 702 1143 hanc
717 1108 847 1144 difficultatem
862 1109 941 1145 advertit
985 1100 988 1120 ³

153 1170 171 1204 et
185 1168 226 1204 siue
241 1168 420 1214 successu-solvere
437 1167 514 1203 studuit.
532 1167 578 1203 Post
587 1178 631 1203 eum
649 1168 746 1212 usquead
760 1169 844 1204 nostram
861 1169 940 1204 aetatem
987 1162 988 1189 3

153 1228 203 1263 varia
216 1227 317 1263 conamina
329 1227 352 1263 ad
362 1226 611 1263 solvendan‘ditticultatem
624 1226 672 1262 lacta
685 1229 733 1271 sunt,
747 1237 796 1272 quae
809 1227 876 1273 partim
889 1228 940 1272 apud
987 1265 988 1268 ,

154 1286 216 1322 ¹ltansi
230 1287 290 1323 XVttl
305 1288 353 1322 ll2s.
368 1286 478 1322 referuntur.
488 1286 533 1321 Non
542 1287 611 1322 desunt
624 1286 656 1331 qui
669 1288 728 1322 totam
741 1286 867 1322 narrationem
878 1286 901 1322 de
914 1287 941 1322 irr-
986 1300 988 1321 i

154 1346 226 1383 dustria
244 1346 361 1382 talsiticatam
381 1357 423 1382 esse
442 1347 513 1391 putent.
527 1345 635 1382 Dicendum
648 1347 712 1381 tamen
725 1346 798 1382 videtur
815 1346 941 1383 narrationem
986 1340 988 1380 ξ

153 1406 260 1442 secundum
273 1405 398 1442 substantiam
412 1416 476 1441 veram
489 1415 536 1450 esse,
549 1407 646 1441 auctorem
661 1405 785 1441 solummodo
801 1406 865 1451 quoad
879 1406 942 1452 plures
987 1400 988 1405 ¹

154 1465 303 1502 circumstantias
316 1465 334 1501 in
348 1475 431 1501 errorem
446 1464 540 1501 incidisse.
848 1463 850 1465 ’
987 1456 988 1459 “

202 1524 273 1560 Auctor
286 1524 325 1560 scil.
340 1525 446 1561 monachus
461 1523 632 1560 Ntatmesbirieusis
647 1523 721 1570 scripsit
735 1524 774 1560 tere
788 1525 895 1561 uta-1123.
909 1525 942 1561 tii-

153 1583 216 1620 storici
230 1583 314 1630 optimae
327 1585 384 1620 notae
397 1594 441 1620 eum
454 1583 493 1619 tide
506 1583 586 1629 dignum
600 1593 642 1619 esse
657 1583 758 1627 declarant,
773 1595 790 1620 v.
799 1595 818 1630 g.
834 1584 858 1620 G.
877 1584 942 1628 Waltz,

154 1643 186 1688 qui
199 1645 271 1689 partem
285 1642 325 1689 eius
339 1643 430 1679 librorum
443 1642 508 1688 edidit,
522 1642 546 1678 de
563 1653 586 1678 eo
604 1643 657 1678 dicit:
679 1657 686 1672 <‹
695 1643 744 1679 lntcr
763 1654 813 1688 quos
827 1642 942 1689 [scriptores]

154 1699 262 1738 Willelmus
276 1704 382 1739 monachus
396 1702 572 1747 Malmesbirieusis,
584 1702 612 1738 vir
626 1702 727 1738 litterarum
741 1713 811 1747 amore,
825 1703 917 1739 industria
926 1705 944 1739 et

154 1762 240 1798 doctrina
253 1762 387 1808 conspicuus...
401 1773 490 1808 magnam
504 1762 555 1808 apud
569 1763 657 1808 posteros
677 1762 753 1798 taudem
773 1763 864 1798 meruit».
873 1761 942 1812 (Ntht

156 1821 214 1867 Pertz,
227 1821 293 1867 Script.
309 1822 326 1857 X
340 1821 389 1867 449).
407 1822 495 1858 Similiter
512 1821 627 1857 clarissimus
647 1822 674 1857 W.
690 1821 760 1858 stubbs
775 1822 793 1857 in
811 1832 845 1858 sua
860 1812 944 1858 editione

155 1881 220 1916 Malm.
234 1891 291 1927 supra
304 1881 385 1927 allegata
397 1892 415 1927 p.
430 1883 461 1917 l4l
477 1882 527 1916 nota.
542 1881 641 1916 Praeterea
654 1881 744 1917 Manitius
758 1882 782 1917 lll
795 1882 836 1917 406.

203 1941 286 1976 Tcxtum
301 1942 427 1977 memoratum
441 1941 465 1976 de
479 1940 543 1977 Gestis
557 1940 580 1975 tlt
595 1939 650 1984 §129
663 1940 770 1976 Willelmus
780 1940 845 1976 Nialm.
859 1951 944 1977 emanu-

127 2004 130 2006 ’
155 2000 231 2045 scripto,
251 2000 304 2045 quod
323 2000 396 2036 Leotric
413 2000 515 2045 episcopus
535 1998 574 2044 (ob.
591 1998 645 2044 1073)
664 1999 766 2036 cathedrali
780 2000 848 2036 Exeter
861 2000 944 2044 dederat,

155 2059 221 2095 hausit.
236 2059 265 2095 De
278 2059 354 2105 synodo
368 2059 412 2095 anni
425 2060 460 2096 904
473 2059 556 2104 primum
570 2058 700 2095 testimonium
716 2059 810 2095 invenitur
824 2060 843 2094 in
861 2059 945 2095 ttistoria

155 2118 244 2155 coenobii
264 2118 419 2154 abendoniensis
440 2117 567 2164 (Abingdon),
587 2119 664 2154 auctore
685 2118 777 2155 iiaonnclro
798 2118 944 2162 abendoniensi,

155 2178 224 2223 scripta
236 2179 280 2214 ante
292 2189 309 2214 a.
323 2179 374 2222 1000,
390 2189 448 2224 quam
463 2179 555 2223 exparte
570 2177 629 2213 edidit
644 2178 670 2214 H.
688 2177 785 2222 Wharton,
801 2178 870 2223 Anglia
887 2189 944 2223 sacra,

155 2238 211 2273 Tom.
225 2238 238 2282 l,
252 2237 334 2274 London
349 2238 403 2282 16913
417 2237 510 2273 Wharton
524 2238 601 2273 testatur
614 2247 634 2272 se
647 2237 710 2283 ipsum
724 2237 874 2283 manuscriptum
889 2238 945 2283 origi-

156 2297 199 2333 nale
212 2296 325 2343 inspexisse.
356 2340 358 2343 .

204 2356 233 2392 De
247 2367 304 2391 manu
318 2356 405 2392 Formosi
420 2356 483 2402 Papae
497 2357 560 2402 plures
576 2357 667 2403 epistolae
683 2355 762 2392 traditae
781 2357 825 2392 sunt
844 2355 883 2402 (cir.
897 2368 913 2392 v.
927 2366 945 2402 g.

157 2415 219 2451 Mansi
233 2415 293 2452 XVltl
308 2414 381 2459 ltltlss.).
391 2416 486 2461 Tempore
496 2416 582 2452 formosi
592 2415 675 2461 (89196)
682 2416 701 2451 in
711 2415 780 2461 Anglia
788 2418 839 2451 secta
848 2416 946 2462 paganicis

156 2475 251 2511 erroribus
265 2474 333 2511 intecta
346 2476 387 2511 orta
396 2476 429 2519 est,
442 2477 463 2511 ut
471 2477 522 2520 patet
535 2486 558 2511 ex
572 2476 652 2521 epistola
666 2475 754 2511 Fulconis
763 2475 902 2521 archiepiscopi
912 2476 945 2514 Re·

157 2535 234 2579 mensis,
242 2536 342 2581 proptcrea
355 2535 402 2571 ratio
411 2535 435 2570 ad
444 2535 501 2571 talem
510 2535 610 2580 epistolam
619 2535 638 2570 in
648 2525 736 2580 Angliam
753 2535 863 2570 mittendam
872 2535 946 2578 aderat;

156 2595 190 2630 sed
198 2594 267 2639 scripta
274 2596 301 2630 est
308 2595 378 2630 intera.
386 2595 458 2638 892-96,
466 2605 505 2630 non
512 2596 599 2640 ternpore
607 2594 690 2630 Eduardi
697 2594 752 2640 regis.
761 2594 806 2630 Post
814 2596 894 2630 mortem
903 2595 946 2630 For-

157 2654 206 2690 mosi
214 2655 291 2699 propter
304 2654 353 2690 bella
362 2654 381 2689 in
390 2653 460 2700 Anglia
472 2654 574 2690 saevientia
584 2665 663 2700 regnum
671 2653 822 2689 Westsaxonum
831 2664 865 2700 per
873 2656 946 2700 septem

157 2723 218 2749 annos
231 2714 327 2759 episcopis
340 2713 421 2758 carebat,
435 2715 502 2759 postea
515 2725 530 2749 a.
544 2714 579 2750 904
592 2713 694 2749 concilium
708 2714 846 2759 congregatum
860 2715 893 2749 est.
907 2713 947 2749 No·
