1975 3157
164 109 186 145 lo
428 115 557 152 SCRlPTORES,
570 115 681 143 EPISTOLAE

164 248 247 276 necnon
263 239 283 276 et
298 236 441 285 poenitentiae
455 235 598 276 satisfactione
611 235 710 285 praelata,
727 234 774 275 solo
794 234 859 275 verbo
870 221 951 284 Eligius

164 302 308 342 reconciliavit
323 302 402 348 locum,
419 303 439 341 et
452 311 513 341 'mox
527 301 590 350 signo
607 303 663 341 tacto
680 311 746 340 sonus
768 301 869 349 pristinus
890 299 952 340 rediit

165 368 185 406 in
200 366 373 407 tintinnabulum.

218 441 278 477 nou
293 441 304 476 l.
318 452 333 477 c.
347 442 391 485 na
404 440 504 486 ancaeo,
518 440 581 486 spicil.
595 440 610 476 u
625 441 668 484 ms;
683 440 712 476 vi
725 441 754 485 si,
767 441 807 476 554.

547 582 570 622 8.

219 694 265 734 780.
285 693 333 733 Vite
350 692 373 733 S.
396 692 482 742 Virgilii
489 691 504 732 ¹.

222 782 375 822 Theodobertus
389 781 432 821 dux
446 793 510 831 agros
525 781 610 831 aliquos
624 783 645 820 et
658 781 733 821 cellum
754 780 832 831 Soneio
853 782 953 822 Maximi·

165 848 223 887 liuno
238 849 259 887 et
272 847 379 892 liudberto
393 847 489 896 episcopo
504 847 614 886 luvuveusi
628 843 754 896 (Solzburg)
769 847 791 886 in
805 846 953 897 proprietatem

165 913 223 953 sedis
237 913 364 962 episcopalis
378 911 503 952 tradideret.
518 912 566 951 Hoc
580 912 683 960 ignoraus
702 910 761 952 Otilo
778 911 821 952 elur
839 911 954 952 Baioariue

164 980 238 1027 posteo
252 977 339 1018 eundem
354 979 430 1017 terrum
447 977 502 1017 Urso
515 976 642 1027 presbytero,
659 977 782 1027 umicosuo,
794 977 954 1026 inbeneficiare

165 1044 259 1083 dederat.
275 1042 297 1083 S.
317 1042 420 1092 Virgilius
434 1043 546 1091 postquam
561 1044 643 1082 mortuo
655 1042 763 1088 Rudberto
773 1042 884 1092 episeopus
893 1043 953 1082 luru-

167 1108 235 1148 vensis
245 1108 321 1157 foetus
335 1109 374 1157 est,
389 1107 474 1157 rogavit
488 1106 601 1156 Otilonem,
617 1109 642 1147 ut
654 1107 701 1148 sedi
714 1107 830 1156 episcopali
838 1108 954 1157 propriet-

167 1176 206 1214 tem
228 1174 353 1214 restitueret.
378 1172 430 1213 Cum
453 1172 512 1213 Otito
536 1172 614 1213 Ursum
636 1173 725 1213 ornicum
746 1185 808 1213 suum
829 1174 955 1213 contristare

166 1239 239 1287 nollet,
255 1238 278 1279 S.
298 1238 401 1287 Virgilius
415 1238 490 1278 saltem
505 1238 636 1278 medietatem
651 1241 718 1278 terroe
732 1238 792 1278 illius
805 1239 880 1287 petiit:

221 1304 287 1344 Porro
303 1304 404 1353 Virgilius
419 1304 533 1352 episcopus
549 1304 608 1343 iussit
621 1304 649 1343 ibi
660 1304 750 1343 domum
761 1316 821 1343 suam
833 1304 953 1351 aedificare,

167 1373 187 1409 et
204 1381 291 1409 omnem
309 1369 444 1409 medietatem
467 1369 494 1409 de
516 1380 550 1416 eo,
573 1369 677 1418 quidquid
700 1369 726 1409 ad
749 1370 816 1418 ipsam
839 1369 954 1410 Ecclesiam

167 1438 259 1481 venerat,
276 1424 296 1474 in
312 1434 412 1474 omnibus
427 1434 557 1483 quibuslibet
572 1435 641 1474 causis
656 1433 677 1474 S.
695 1434 803 1476 liudberto
819 1435 954 1484 conquisivit,

168 1503 188 1540 et
202 1511 253 1540 suos
268 1499 402 1548 presbyteros
413 1499 441 1539 ibi
453 1500 529 1548 iugiter
540 1511 625 1539 manere
635 1499 692 1546 tecit,
703 1500 739 1548 qui
751 1500 792 1539 hoc
803 1500 954 1548 providebant:

168 1567 188 1604 et
203 1565 252 1605 ideo
267 1577 344 1613 magna
359 1565 468 1605 contentio
483 1565 607 1613 saepissime
622 1565 719 1614 contigit.
737 1564 794 1605 ldem
806 1567 876 1605 autem
888 1565 956 1606 Ursus

168 1631 278 1679 presbyter
293 1642 333 1669 una
348 1642 396 1669 cuin
413 1630 519 1670 adiutorio
534 1629 628 1670 Otilonis
643 1630 703 1670 ducis
717 1630 766 1670 tecit
777 1630 805 1670 ibi
817 1630 879 1670 aliam
890 1629 956 1671 eccle-

168 1697 228 1743 siam,
245 1708 293 1735 cum
309 1707 350 1744 qua
365 1696 433 1735 voluit
447 1696 515 1744 ipsam
531 1695 666 1735 medietatem
682 1694 703 1735 S.
726 1694 789 1735 Petro
811 1707 822 1735 a
846 1696 954 1736 luvavensi

169 1764 272 1810 potestate
287 1761 416 1808 abstrahere,
432 1763 452 1801 et
463 1772 529 1800 unum
540 1763 649 1801 vacantem
662 1760 792 1810 Episcopum
804 1761 891 1801 nomine
903 1761 955 1801 [iuti

169 1827 286 1873 advocavit,
312 1827 348 1875 qui
373 1827 440 1875 ipsam
466 1826 584 1866 discordiae
609 1825 719 1866 ecclesiam
744 1827 883 1866 consecravit.
906 1825 957 1873 Q'uo

223 1948 227 1969 ¹
242 1948 368 1994 Sepulchrum
382 1948 400 1984 S,
414 1948 486 1993 Virgilii
500 1958 552 1984 anno
566 1949 609 1984 118]
625 1947 724 1994 Salzburgi
738 1948 836 1984 inventum
846 1950 879 1984 est.
888 1948 907 1985 S.
917 1948 957 1984 Vir-

169 2008 225 2053 gilius
239 2008 342 2054 episcopns
355 2009 476 2044 consecratus
490 2011 518 2044 est
531 2019 547 2043 a.
560 2008 601 2051 767,
616 2009 642 2043 17.
657 2007 697 2045 Kal.
712 2008 750 2053 lul.‚
760 2008 807 2050 obiit
816 2019 832 2043 a.
842 2009 882 2052 784,
891 2009 908 2044 5.
918 2007 957 2045 Kal.

169 2067 287 2111 Decembris,
301 2067 381 2113 Propter
394 2067 475 2113 plurima
488 2067 578 2103 miracula
587 2077 636 2112 quae
645 2067 669 2103 ad
679 2067 720 2103 eius
729 2067 811 2112 eiusque
824 2077 958 2103 successorum

170 2127 260 2162 tlartwici
274 2129 291 2163 et
305 2126 408 2162 Eberhardi
422 2126 563 2162 invocationem
579 2128 651 2172 patrata
666 2129 715 2171 sunt,
730 2126 781 2162 tama
797 2126 837 2163 eius
852 2138 886 2172 per
898 2128 957 2162 totam

170 2186 267 2222 Bavariam
281 2186 377 2231 divulgata
390 2188 423 2230 est,
436 2186 461 2222 ita
474 2188 494 2222 ut
507 2186 595 2232 permulti
607 2186 674 2223 tideles
688 2187 711 2222 ad
725 2186 766 2222 eius
780 2186 902 2232 sepulchrum
912 2197 961 2223 cons

169 2246 255 2282 fluerent.
269 2246 355 2282 Fortasse
368 2246 403 2281 hac
417 2245 441 2281 de
454 2256 511 2282 cansa
524 2245 603 2281 clericus
619 2246 697 2291 quidam
708 2267 730 2272 —
739 2245 863 2291 probabiliter
872 2245 958 2282 Salzbur-

169 2305 238 2351 gensis,
252 2316 296 2341 nam
310 2304 380 2350 pluries
393 2315 414 2341 se
422 2305 486 2350 ipsum
495 2304 579 2341 adfuisse
588 2306 666 2341 testatur
675 2326 698 2331 -
707 2305 754 2341 vitas
763 2307 782 2342 et
791 2305 882 2341 miracula
891 2315 958 2341 eorum

169 2365 287 2410 conscripsit.
301 2365 345 2401 tloc
357 2364 428 2400 tactum
441 2367 475 2408 est,
488 2364 566 2400 sedente
585 2363 691 2401 Chunrado
711 2365 734 2401 lll
755 2365 906 2411 archiepiscopo,
926 2364 958 2410 qui

170 2428 213 2470 post
226 2427 307 2461 mortem
320 2424 420 2461 Christiani
434 2424 572 2470 archiepiscopi
586 2424 695 2470 Nloguntini
709 2424 740 2460 die
755 2425 778 2460 25
797 2423 847 2469 Aug.
868 2425 914 2460 1183
934 2424 958 2460 ad

170 2485 252 2530 priorem
266 2485 332 2520 sedem
345 2483 405 2520 rediit.
419 2483 490 2520 Auctor
502 2483 557 2520 Vitae
570 2483 587 2520 S.
601 2483 674 2528 Virgilii
688 2483 785 2519 materiam
799 2483 837 2519 iere
856 2485 915 2519 totam
935 2495 959 2520 ex

170 2544 234 2580 libello
247 2544 271 2580 de
284 2544 410 2580 conversione
424 2543 561 2589 Bagoari0rum
575 2544 593 2579 et
606 2542 680 2579 Carant.
695 2543 762 2580 hausit.
785 2542 816 2579 Sic
837 2543 959 2580 Vatrenoacu

170 2614 201 2650 ap.
215 2604 273 2649 Perta,
287 2603 348 2640 llthl
363 2603 428 2649 Script.
442 2603 466 2639 Xl
480 2604 508 2644 el,
522 2603 554 2649 qui
568 2603 623 2639 aliam
637 2604 768 2639 recensionem
787 2603 841 2640 Vitae
861 2602 921 2647 refert,
941 2604 959 2639 in

171 2675 209 2711 qua
224 2664 304 2700 narratio
324 2664 348 2699 de
367 2663 447 2699 ecclesia
466 2662 568 2699 Discordia
587 2673 644 2709 supra
664 2664 768 2699 memorata
788 2673 827 2698 non
847 2663 959 2701 continetur.
