1924 3132
324 163 417 193 DECRETA
430 163 560 192 SYNODORUM
814 154 837 188 73

54 287 102 324 mina
120 283 193 328 septem
213 281 353 327 episcoporum,
373 280 405 326 qui
426 280 539 317 Cantuariae
560 280 664 316 consecrati
686 291 727 315 esse
749 279 837 315 dicuntur

6 332 12 374 ‚1
55 345 124 393 optime
135 352 179 377 cum
192 352 243 377 anno
256 342 291 377 904
299 340 426 376 concordant,

99 402 148 439 Cum
167 400 267 436 sutticienti
287 400 343 446 igitur
362 399 494 445 probabilitate
513 399 550 435 dici
568 401 639 445 potest:
657 398 737 444 epistola
752 397 837 434 Formosi

54 464 120 508 scripta
133 462 160 496 est
173 471 189 496 a.
202 457 276 504 892-96,
288 459 373 505 synodus
387 459 450 495 habita
463 461 491 495 est
500 470 515 495 a.
525 460 566 503 904,
579 459 612 494 sed
626 458 674 494 inter
685 458 732 493 haec
742 458 781 508 duo
790 457 838 493 tacta

55 523 114 560 nullus
127 521 155 556 est
168 530 234 555 nexus.
248 520 305 555 Error
316 519 407 555 Willelmi
421 519 486 554 llllalm.
500 518 585 554 consistit
598 518 616 553 in
630 529 659 561 eo,
673 517 726 563 quod
740 517 787 553 inter
800 517 839 562 epi-

55 583 120 620 stolam
133 581 151 615 et
163 579 259 625 synodum
273 589 344 614 nexum
357 578 478 614 statuendum
492 589 534 614 esse
547 577 623 623 putavit.
637 577 667 613 Sic
679 577 717 623 jam
731 576 838 613 observatio

55 643 75 679 e.
87 638 168 677 Antonii·
179 638 232 684 Pagi·
243 638 294 683 apuu
308 638 370 674 nansi
384 638 444 675 xvrx
459 639 498 674 na.

426 774 465 816 67.

106 868 163 908 Ante
176 869 231 908 923?
247 867 310 908 Cone.
326 868 446 908 Senonense
460 864 534 915 (Sens)
545 864 561 907 ¹.

0 994 7 1010 ‚3
107 957 133 998 C.
151 958 182 996 14.
199 957 250 997 Item
266 957 376 1005 antiquum
394 959 494 1008 statutum
513 956 596 997 concilii
615 955 750 1005 provincialis
769 966 841 994 rursus

0 1043 7 1067 ι
56 1025 180 1065 renovantes
191 1022 340 1071 praecipimus,
352 1022 411 1071 quod
422 1022 508 1071 quando
519 1022 589 1071 aliqua
604 1024 666 1068 terra,
679 1023 765 1070 propter
778 1020 841 1060 delic-

0 1103 8 1130 ἴ
56 1093 98 1130 tum
114 1088 195 1128 domini
211 1090 278 1127 terrae
293 1088 324 1127 vel
340 1087 475 1134 ballivorum,
487 1088 598 1136 supposita
608 1087 647 1126 tuit
662 1086 782 1132 interdicto,
796 1086 841 1124 nul-

56 1156 136 1194 latenus
150 1153 263 1193 relaxetur:
280 1153 349 1193 donec
364 1153 390 1192 ad
405 1152 514 1193 arbitrium
530 1155 550 1192 et
566 1152 704 1192 moderamen
722 1151 840 1198 relaxantis,

0 1219 7 1269 t
57 1218 182 1269 presbyteris
198 1218 354 1267 parochialibus
369 1218 395 1258 de
410 1218 494 1258 damnis
507 1220 527 1258 et
538 1218 564 1257 de
575 1217 670 1267 perditis
687 1216 791 1257 interdicti
807 1228 842 1256 oc-

57 1285 140 1339 casione
151 1284 220 1331 illatis,
233 1284 294 1333 plane
305 1284 344 1324 tuit
353 1284 492 1331 satisfactum,
503 1284 536 1323 vel
547 1283 573 1323 de
587 1273 737 1323 satisfaciendo
748 1284 841 1321 cautum.

104 1359 167 1395 llllansi
180 1359 240 1396 XVlll
254 1359 298 1402 3243
314 1358 345 1395 PL
359 1359 398 1403 132,
411 1359 452 1394 720.

430 1499 469 1542 68.

109 1602 156 1641 988.
175 1599 238 1640 Cone.
254 1599 410 1640 silvanectense
425 1597 519 1645 (Sentis).

110 1666 211 1715 Episcopi
223 1665 344 1714 provinciae
357 1664 467 1710 Renensis
482 1666 554 1704 contra
568 1664 685 1713 praedones
700 1664 792 1703 civitatis
805 1664 844 1709 Re·

58 1731 135 1771 nensis
150 1730 264 1771 anatliema
277 1730 422 1780 protulerunt:

0 1857 4 1879 ,e
110 1821 155 1861 Vos
165 1832 259 1869 quoque,
280 1831 372 1869 quorum
393 1819 444 1859 dolo
464 1822 484 1859 et
503 1819 585 1866 fraude,
606 1819 696 1859 consilio
717 1822 736 1859 et
758 1819 844 1866 auxilio,

59 1888 138 1925 tantum
156 1885 225 1925 scelus
242 1885 320 1925 iactum
339 1887 377 1932 est,
394 1896 442 1925 cum
458 1885 490 1925 his
505 1885 540 1934 qui
557 1885 664 1934 principes
678 1885 729 1925 tanti
745 1884 846 1924 facinoris
866 1918 868 1920 .

59 1950 149 1998 fuerunt,
166 1950 303 1991 consociandi
319 1951 378 1990 estis:
395 1952 417 1990 ut
433 1961 524 1999 poenam
540 1950 698 1999 peccati'simul
714 1950 793 1997 ieratis,
809 1950 845 1998 qui

1 2091 2 2096 ,
106 2054 111 2075 ¹
126 2055 146 2090 ln
159 2054 215 2090 variis
228 2054 372 2091 collectionibus
385 2054 510 2090 conciliorum
521 2056 543 2090 14
552 2065 636 2090 canones
649 2056 741 2100 tanquam
756 2053 845 2090 «Consti-

1 2115 3 2123 ”
59 2114 140 2150 tutiones
160 2125 184 2150 ex
202 2114 284 2150 concilio
304 2114 375 2150 Galteri
394 2114 532 2159 archiepiscopi
551 2113 685 2150 Senonensis»
707 2113 812 2149 referuntur
829 2115 847 2148 et

0 2171 2 2190 ³
60 2173 157 2210 (inalterio
170 2174 183 2218 l,
197 2174 229 2220 qui
242 2174 321 2210 887-923
334 2173 418 2219 regnavit
430 2171 501 2217 (Oanis
513 2171 562 2217 629),
575 2173 713 2209 adscribuntur.
723 2172 847 2218 Quamquam

60 2233 132 2268 nullum
145 2233 245 2279 vestigium
259 2232 333 2268 concilii
347 2232 382 2268 sub
396 2232 433 2268 hoc
446 2232 545 2268 Gualterio
558 2232 647 2268 celebrati
661 2232 746 2276 habetur,
760 2234 847 2267 auctores

60 2291 183 2328 nihilominus
192 2293 216 2328 de
225 2303 248 2328 eo
258 2293 363 2338 loquuntur
371 2303 388 2327 v.
395 2302 413 2337 g.
422 2291 491 2336 Hefele
500 2292 524 2328 lV
533 2293 573 2335 578,
584 2291 688 2336 Cbevalier,
701 2290 774 2337 Repen.
783 2292 848 2336 Topo-

61 2350 107 2387 Bibl.
120 2352 167 2388 2924
180 2354 214 2389 etc.
228 2351 264 2388 Vix
277 2351 386 2397 intelligitur
399 2351 500 2397 quomodo
513 2351 555 2386 talis
570 2361 622 2387 error
635 2350 654 2386 in
668 2351 773 2396 permultos
789 2350 848 2387 libros

61 2409 158 2456 irrepserit.
172 2411 203 2448 Ob
217 2411 277 2447 varias
287 2411 338 2447 enim
347 2411 433 2446 rationes·
439 2421 517 2456 prorsus
526 2410 645 2456 impossibile
655 2412 683 2446 est
696 2410 737 2445 illas
756 2424 764 2439 «
772 2409 848 2446 Consti·

61 2470 158 2506 tutiones»
179 2471 203 2506 ad
224 2471 322 2506 saeculum
337 2470 353 2505 X
369 2470 468 2515 pertinere.
490 2470 519 2505 De
536 2470 586 2506 iacto
603 2470 622 2505 in
640 2470 722 2505 concilio
742 2469 849 2505 Senonensi

61 2539 77 2564 a.
91 2531 136 2567 1239
149 2531 184 2567 sub
198 2530 276 2567 Galtero
289 2529 363 2566 Cornut
376 2529 520 2575 archiepiscopo
533 2529 604 2566 Senon.
619 2528 740 2574 (1222-1241)
754 2529 849 2565 celebrato

62 2590 140 2625 statutae
158 2592 207 2626 sunt.
223 2590 307 2626 Eaedem
324 2589 448 2625 conciliorum
464 2589 592 2633 collectiones,
612 2600 661 2635 quae
682 2588 850 2625 «Constitutiones

63 2647 132 2684 Galteri
142 2664 149 2679 »
170 2650 206 2685 sub
221 2660 272 2685 anno
288 2649 323 2685 920
338 2649 426 2693 referunt,
441 2649 497 2684 simul
513 2648 591 2684 easdem
604 2659 656 2684 anno
671 2649 717 2684 1239
730 2647 850 2683 adscribunt:

62 2706 130 2745 Mansi
141 2709 202 2745 xxlll
215 2710 260 2753 5ov;
273 2708 370 2753 HefeleV
385 2709 440 2753 104&
453 2707 476 2743 ct.
490 2707 596 2753 Hinsclzins
610 2708 633 2743 lll
647 2708 682 2744 588
697 2718 715 2744 n.
730 2709 745 2743 1.
