1924 3132
288 169 381 200 DECRETA
395 169 445 199 ROM.
459 160 587 197 PONTIFICUM
810 162 832 196 15

44 290 106 331 habet
121 292 141 329 et
156 289 252 330 habitura
267 292 298 330 est
313 291 333 329 in
349 292 475 339 perpetuum
491 290 569 338 quiete,
586 292 686 338 utsupra
701 290 784 338 legitur,
797 288 832 328 ha-

43 356 91 396 beat
106 358 126 395 et
137 355 244 404 possideat
255 359 275 396 et
285 356 336 395 nulli
347 355 435 396 ecclesie
446 367 483 395 sue
494 356 539 395 sine
550 355 612 404 culpa
623 354 747 395 clericorum
759 357 832 395 contra

44 423 100 461 iussa
119 433 225 461 canonum
247 421 342 464 divinum
365 420 461 461 ottieium
484 420 622 470 prohibeatur
637 423 672 460 aut
687 421 841 461 excommuni-v

44 489 109 526 cetur.

90 560 142 596 Pnnl
149 561 206 605 Kehr,
215 561 313 606 Papsturl.
322 561 341 596 in
351 560 434 606 Spanien
442 559 510 605 (1926),
520 562 532 596 l.
543 559 659 604 Katalanien,
666 560 706 603 2683
717 559 770 595 Bulla
777 559 832 605 privi-

43 620 114 665 legium
130 620 204 656 Nicolai
215 621 236 664 ll,
245 621 263 656 d.
274 621 355 666 15.apr.
366 620 417 664 1060,
427 620 450 656 ad
464 620 543 655 verbum
552 620 590 655 iere
600 620 671 665 repetit,
681 620 704 655 cl.
713 630 775 665 snpra.
790 619 813 655 ll.
822 640 832 645 -

418 754 473 796 107.

99 853 157 900 1063.
173 853 222 893 Mai
236 854 257 893 8.
272 852 395 893 Alexander
407 853 429 892 II
444 852 522 893 odrico
536 852 610 893 abbati
619 852 743 893 monasterii
752 852 775 893 S.
790 853 833 893 Tri-

43 918 119 958 nitatis
137 918 305 967 Vindocinensie
323 918 420 959 Cluniae.
436 915 570 966 (Venddme).

98 1008 173 1056 Neque
188 1007 239 1047 illud
255 1007 397 1047 omittendum
409 1010 447 1054 est,
459 1008 527 1056 magis
538 1009 608 1047 autem
619 1006 668 1047 huic
683 1009 768 1047 nostrae
783 1018 832 1047 con-

44 1073 158 1112 firmationi
170 1072 334 1120 adnectendum,
350 1073 409 1122 quod
424 1066 569 1112 Theodericus
584 1072 672 1113 Sanctae
687 1067 767 1112 Mariae
782 1072 833 1113 Car-

44 1139 139 1178 notensis
150 1136 266 1184 (Chartresl
278 1138 383 1178 Ecclesiae
394 1139 516 1187 episcopus,
531 1138 551 1177 in
562 1139 622 1187 cujus
633 1138 725 1178 dioecesi
738 1137 833 1187 praedic·

44 1206 77 1243 tus
92 1203 256 1244 Vindocinensis
270 1204 330 1244 locus
344 1205 397 1244 situs
412 1204 512 1250 noscitur,
525 1202 630 1243 Clementi
642 1216 709 1252 papae
720 1203 831 1252 epistolam

44 1280 103 1309 suam
119 1270 264 1316 transmiserit,
282 1281 360 1317 rogans
375 1281 423 1308 eum
439 1271 543 1317 quatenus
558 1269 592 1309 hic
607 1269 674 1315 locus,
686 1269 776 1309 consilio
788 1269 833 1317 ejus

45 1337 64 1374 et
84 1334 191 1374 voluntate
213 1334 276 1374 beato
299 1334 361 1375 Petro
384 1335 475 1381 oblatus,
491 1335 526 1374 tali
543 1347 580 1383 per
594 1346 642 1374 eum
659 1334 834 1382 corroboraretur

44 1400 175 1447 auctoritate,
192 1402 214 1439 ut
229 1412 298 1449 neque
313 1400 350 1447 illi,
366 1412 435 1449 neque
453 1399 612 1440 successoribus
623 1401 666 1439 suis
677 1399 739 1447 huius
750 1400 790 1439 loci
802 1411 833 1438 re·

44 1464 84 1504 bus
98 1465 141 1504 vim
152 1459 184 1505 uel
195 1465 323 1504 calumniam
341 1465 425 1512 inferre,
437 1466 481 1505 sive
492 1465 518 1505 de
529 1465 562 1505 his
572 1464 689 1513 quidquam
700 1464 831 1511 subtrahere,

45 1530 76 1569 vel
93 1542 131 1579 pro
146 1530 288 1580 qualicunque
306 1543 368 1571 causa
386 1532 570 1571 excommunicare
585 1532 629 1570 sive
645 1530 777 1577 interdicere,
796 1542 832 1569 seu

44 1595 161 1653 quamlibet
179 1599 304 1646 potestatem
320 1600 355 1636 aut
370 1596 548 1636 dominationem
560 1597 606 1645 ipso
617 1596 666 1636 loco
677 1608 774 1636 exercere
785 1596 832 1635 lice-

45 1664 82 1708 ret,
101 1662 133 1701 vel
153 1661 247 1710 qualibet
269 1663 381 1702 occasione
403 1665 506 1702 rectorem
522 1662 563 1701 loci
579 1662 611 1701 vel
627 1661 701 1701 tratres
717 1661 833 1709 molestare

45 1730 196 1775 praesumeret.
212 1726 278 1774 Quod
295 1726 388 1776 benigne
398 1726 499 1767 Clemens
512 1726 540 1774 v(ll
558 1725 652 1773 tolo-47)
664 1739 719 1776 papa
730 1728 802 1767 annuit
813 1730 833 1767 et

44 1803 81 1832 sua
92 1793 216 1832 auctoritate
226 1792 325 1832 firmavit.
338 1793 362 1833 Et
373 1804 412 1832 nos
423 1795 494 1833 nostra
505 1793 629 1833 auctoritate
640 1792 728 1841 dignum
740 1804 833 1832 annuere

45 1869 163 1905 censemus,
180 1860 200 1898 et
215 1860 318 1907 perpetuo
334 1857 466 1898 anathemate
482 1858 582 1907 praedicti
600 1858 695 1907 episcopi
707 1857 833 1898 damnamus

44 1934 189 1963 successorem
205 1923 237 1963 his
252 1923 438 1972 praeceptionibus
456 1923 605 1972 refragantem,
622 1925 641 1962 et
657 1923 784 1962 calumniam
803 1923 832 1962 in-

45 1988 98 2028 lerre
108 1991 232 2035 tentantem,
244 1989 313 2028 donec
324 1989 432 2037 resipiscat
443 1991 463 2028 et
474 1989 582 2030 Romanae
596 1988 700 2028 Ecclesiae
711 1989 831 2028 satisfaciat.

94 2063 123 2099 Pl.
139 2064 176 2107 140,
191 2064 245 2106 12923
260 2065 347 2099 1L4512.

420 2192 474 2234 108.

100 2267 158 2338 tuos,
181 2291 230 2330 Mai
251 2262 293 2330 ld?
314 2290 436 2330 Alexander
448 2291 470 2329 ΙΙ
489 2291 580 2340 Hugoni
600 2290 674 2330 abbati
696 2289 833 2330 cluniacensi·

45 2353 132 2406 (Clima,
147 2357 169 2396 d.
185 2354 281 2404 nacon).

100 2446 246 2486 interdicimus
264 2448 333 2486 autem
345 2445 384 2486 sub
395 2445 458 2486 simili
469 2446 609 2486 anathematis
620 2446 799 2494 promulgatione,
811 2448 834 2485 ut

45 2512 112 2551 isdem
131 2512 190 2551 locus
205 2511 245 2551 sub
260 2511 338 2551 nullius
348 2510 502 2560 cujuscumque
514 2512 613 2560 Episcopi
624 2511 656 2550 vel
668 2511 788 2551 Sacerdotis
799 2511 833 2550 de-

46 2578 148 2625 primatur
163 2577 316 2617 interdictionis
331 2577 400 2624 titulo,
412 2589 449 2616 seu
460 2578 686 2617 excommunicationis
702 2577 733 2616 vel
749 2576 833 2630 anathe-

46 2643 107 2682 matis
124 2642 216 2682 vinculo.
233 2633 282 2682 Non
298 2643 354 2682 enim
366 2643 443 2691 patitur
453 2645 537 2682 sanctae
548 2642 604 2682 sedis
615 2641 751 2691 Apostolicae
762 2645 833 2682 aucto-

46 2708 102 2755 ritas,
119 2710 141 2747 ut
156 2707 234 2747 nullius
249 2706 402 2756 cujuscumque
418 2719 521 2756 personae
537 2707 668 2756 obligatione
687 2707 834 2757 proscindatur
