1975 3157
129 133 152 168 46
374 141 467 172 neonem
481 141 531 171 non.
545 140 673 170 nemincum

129 259 201 299 haberi
223 260 363 309 precipimus;
384 260 474 300 scientes
492 258 636 306 (statuentesal
652 261 726 300 necui
743 271 833 308 persone
849 262 918 308 preter

129 325 218 366 Romani
235 325 342 374 pontilicis
357 326 466 365 scientiam
482 325 550 372 liceat,
566 325 667 365 adversus
678 325 734 365 idem
745 325 809 365 altare
820 324 917 365 interdic-

129 390 193 430 tionis
208 392 243 430 aut
258 391 484 431 excommunicationis
499 390 594 439 prolerre
608 390 742 430 sententiam.

177 464 373 511 Pflugk-Harttung
385 465 409 500 lll
424 466 446 501 19
459 476 486 501 nr.
499 466 532 510 22;
545 465 569 501 lL
582 465 634 501 5649.

503 593 558 636 181.

185 699 243 745 1096,
259 697 299 738 Iul.
315 698 348 738 16.
367 697 467 738 Urbanus
481 698 503 737 ΙΙ
516 697 590 738 abbati
606 686 730 738 manasterii
743 698 766 738 S.
781 698 868 738 Mariae
881 697 917 743 Ri-

129 762 259 812 uipollensis.
277 763 304 804 Ο.
320 764 343 804 S.
359 764 385 804 B.
401 763 538 803 incomitata
559 763 682 803 Ausonensi
704 762 792 812 (Ripali
812 764 833 803 d.
859 763 916 812 lacn,

128 827 232 878 Hispan.)

182 912 215 952 Ad
231 913 283 952 haec
297 912 416 960 adjicimus,
428 915 450 952 ut
461 913 611 962 episcoporum
623 912 712 961 quilibet
722 912 835 952 claustrum
847 913 916 961 ipsum

130 981 149 1018 et
165 979 207 1018 illic
222 978 316 1017 Domino
331 979 454 1025 servientes,
470 979 583 1018 temerario
598 989 650 1018 ausu
665 978 857 1025 excommunicare,
880 978 917 1017 sed

129 1055 199 1093 neque
220 1044 312 1092 capellas
326 1055 381 1092 quae
396 1044 451 1083 circa
470 1043 574 1083 ambitum
596 1044 719 1083 monasterii
734 1043 786 1083 sitae
801 1045 856 1090 sunt,
873 1043 918 1083 sine

130 1109 219 1151 Romani
238 1108 345 1156 pontilicis
360 1108 392 1148 vel
408 1108 470 1158 legati
482 1109 527 1157 ejus
537 1108 644 1148 audientia
655 1108 780 1148 interdicere
790 1108 822 1148 vel
834 1119 917 1148 excom·

130 1175 237 1213 municare
253 1185 296 1213 non
311 1173 399 1221 debean
418 1185 487 1223 neque
504 1174 579 1213 ceteris
594 1173 621 1213 ad
636 1185 674 1213 vos
690 1173 844 1222 pertinentibus
866 1173 918 1213 locis

129 1239 174 1279 sine
189 1240 251 1279 certis
266 1239 335 1279 causis
350 1238 503 1287 praejudicium
518 1239 634 1279 canonicae
648 1238 736 1279 ultionis
751 1238 835 1278 inierre.

177 1313 208 1349 PL
223 1314 262 1357 151γ
275 1313 320 1348 472:
334 1313 356 1349 IL
369 1313 421 1349 5655.

503 1442 558 1484 182.
613 1480 615 1482 ,

185 1547 243 1593 1096,
259 1546 299 1586 lul.
315 1548 348 1586 17.
367 1546 467 1587 Urbanus
481 1546 503 1586 II
516 1546 589 1586 abbati
603 1547 727 1586 manasterii
740 1546 763 1586 S.
782 1546 886 1596 Stephani
896 1547 918 1586 in

129 1612 246 1661 Balneolis‚
262 1612 284 1651 in
299 1612 399 1651 comitatu
413 1611 568 1652 Bisnldunensi
582 1610 634 1657 (San
649 1612 742 1652 Esteban
752 1612 778 1652 de
787 1612 876 1661 Basiliis,
890 1611 916 1652 O.

130 1677 152 1718 S.
168 1678 203 1726 B.‚
218 1677 305 1726 Besalii,
323 1676 444 1723 Catalania,
460 1676 572 1726 Hispan).

184 1760 216 1800 lid
231 1760 283 1800 haec
298 1760 409 1808 adjicimus
424 1762 447 1800 ut
461 1760 612 1809 episcoporum
624 1760 712 1809 quilibet
723 1757 835 1800 claustrum
848 1761 917 1809 ipsum

130 1828 150 1866 et
165 1826 206 1865 illic
222 1826 242 1865 in
258 1825 352 1865 Domino
370 1826 492 1872 servientes,
513 1826 626 1865 temerario
642 1837 701 1872 ausu,
718 1828 753 1865 aut
767 1825 813 1865 sine
828 1825 917 1868 Romani

130 1891 237 1940 pontilicis
252 1891 284 1930 vel
300 1890 362 1940 legati
378 1890 423 1938 ejus
438 1891 544 1930 audientia
556 1891 680 1931 interdicere
690 1891 722 1931 vel
734 1892 918 1931 excommunicare

130 1969 173 1997 non
189 1956 275 2003 debeat;
292 1968 361 2006 neque
376 1957 451 1997 ceteris
466 1956 491 1997 ad
507 1968 545 1996 vos
561 1956 715 2005 pertinentibus
729 1956 782 1997 locis
796 1957 842 1996 sine
857 1957 918 1997 certis

130 2023 198 2062 causis
216 2021 502 2071 praejudiciumcanonicae
517 2021 603 2061 ultionis
619 2022 703 2061 inferre.

178 2096 209 2132 PL
223 2097 262 2140 151,
275 2097 330 2140 474s3
345 2096 432 2132 115656.

504 2226 559 2268 183.

186 2331 244 2378 1096,
260 2330 353 2370 16120.
372 2330 472 2371 Urbanus
486 2331 508 2369 Il
521 2331 543 2370 in
558 2330 646 2370 concilio
663 2330 806 2371 Nemausensi
828 2328 918 2375 (illimes)

130 2396 291 2437 controversiam
302 2396 358 2436 inter
366 2396 485 2446 episcopum
498 2395 624 2436 Tolosanum
635 2394 755 2442 (Toalaase)
771 2397 792 2436 ei
807 2395 919 2436 canonicos

130 2461 197 2511 regal.
213 2461 312 2501 ecclesiae
326 2460 349 2502 S.
365 2461 479 2502 Saturnini
493 2459 629 2507 (St-Semini
645 2461 733 2501 dirimit.

184 2544 294 2585 Praeterea
312 2545 413 2594 quoniam
429 2545 531 2594 largiente
546 2544 650 2591 Domina,
666 2544 721 2584 beati
737 2543 842 2584 Saturnini
853 2543 919 2584 eccle-

130 2611 182 2650 siam
201 2611 278 2650 nostris
298 2610 396 2650 manibus
415 2610 595 2658 consecravimus,
611 2613 631 2649 et
645 2610 754 2649 sanximus
768 2612 789 2650 et
803 2610 918 2657 sancimus,

130 2688 157 2716 ne
172 2677 219 2725 quis
234 2677 349 2725 episcopus
364 2678 398 2715 aut
409 2675 583 2735 archiepiscopus
593 2676 638 2715 sine
649 2677 720 2715 nostra
731 2675 763 2715 vei
774 2675 837 2724 legati
853 2676 918 2715 nostri
