1975 3157
137 176 159 212 ll)
381 184 473 214 anenata
488 184 538 213 ΗΘΜ,
552 183 680 212 PONTIFICUM

137 317 148 343 a
163 316 186 344 se
200 304 287 344 cuilibet
301 316 402 345 concessa
417 304 509 345 liberalis
524 304 619 345 libertas:
638 316 707 354 neque
722 305 789 354 ipsius
799 303 840 344 loci
851 304 925 344 iratres

137 369 267 418 ubicumque
282 370 353 418 positi,
370 371 523 419 cujuscumque
545 370 645 419 Episcopi
664 370 819 410 maledictionis
839 370 871 409 vel
892 382 925 409 ex-

138 436 338 476 communicationis
358 436 442 475 vinculo
458 437 568 476 teneantur
587 435 688 476 adstricti.
710 435 847 475 inhonestum
868 435 924 475 enim

138 501 200 540 nobis
211 501 300 548 videtur,
313 503 335 540 ut
345 502 390 540 sine
401 503 474 541 nostro
489 501 569 549 judicio
584 512 596 540 a
611 512 720 550 quoquam
736 500 925 541 anathematizetur

138 578 155 606 s.
171 566 228 606 sedis
242 566 379 615 Apostolicae
394 558 458 613 filius,
475 567 538 606 veluti
554 566 707 616 cujuscumque
729 566 837 614 subjectae
855 555 925 622 Eccle-

138 633 181 671 siae
196 632 261 672 lilius.

185 706 235 741 Bihl.
250 706 334 742 Cluniae.
348 707 391 750 507,
408 707 430 743 ll.
442 707 495 743 4513.

515 829 570 871 109.

195 929 253 969 1063.
263 928 384 968 Alexander
392 929 414 967 ll
423 928 477 968 clera
487 930 507 967 et
515 929 593 977 populo
604 928 739 977 illapineensi
747 925 927 977 (Gap-Francis).

194 1017 276 1065 Sciatis,
292 1030 331 1057 nos
346 1017 463 1064 Ribertum,
483 1017 602 1057 invasorem
613 1017 701 1058 ecclesie
712 1020 787 1065 vestre,
799 1018 884 1058 vinculo
894 1030 928 1057 ex-

140 1084 341 1123 communicationis
356 1082 505 1122 innodasse'et
520 1095 531 1122 a
546 1083 700 1123 communione
710 1086 781 1123 sancte
792 1083 880 1123 ecclesie
897 1095 928 1123 se-

142 1161 233 1198 parasse.
250 1150 338 1198 Insuper
352 1150 415 1189 etiam
432 1149 451 1188 in
467 1151 510 1188 tata
526 1148 627 1198 parochia
642 1152 710 1189 vestra
725 1160 789 1189 omne
804 1148 928 1189 ecclesiasti·

141 1226 188 1254 cum
205 1214 300 1254 officium
317 1217 386 1263 preter
400 1214 530 1263 baptismum
548 1214 666 1263 apostolica
683 1215 806 1264 auctoritate
824 1214 928 1254 interdici-

142 1292 196 1327 mus,
213 1281 240 1320 ita
255 1283 277 1320 ut
292 1292 331 1320 nec
346 1280 408 1319 etiam
425 1280 514 1319 mortuis
529 1279 624 1319 officium
641 1279 727 1329 aliquod
746 1279 879 1329 inpendatur,
892 1279 929 1319 do·

141 1358 180 1385 nec
195 1345 221 1385 de
237 1345 308 1385 medio
327 1348 420 1385 vestrum
441 1345 559 1393 predictum
578 1345 693 1394 iniquitatis
708 1346 776 1384 virum
792 1345 895 1393 ejeceritis
910 1348 929 1385 et

141 1411 229 1450 alterum
246 1411 333 1459 dignum
350 1413 370 1450 et
385 1410 486 1449 idoneum
502 1410 616 1459 elegeritis.

189 1484 311 1529 Laernenfeld,
325 1485 358 1530 Ep.
373 1484 427 1523 Rom.
442 1484 461 1520 Ρ,
475 1484 556 1520 ineditae
569 1486 601 1527 44,
617 1485 639 1520 ll.
652 1484 704 1521 4536.

517 1613 572 1655 110.

198 1713 255 1753 1063.
267 1712 389 1752 Alexander
397 1713 419 1752 ΙΙ
427 1712 534 1757 Raibalda
541 1712 664 1752 Arelatensi
674 1711 753 1759 (Aries)
765 1712 928 1763 archiepiscopo.

197 1804 311 1850 Noveritis,
323 1815 363 1843 nos
374 1803 498 1849 Robertum,
514 1815 526 1843 a
541 1802 728 1851 predecessoribus
743 1804 820 1843 nostris
830 1803 884 1851 iuste
895 1803 930 1843 de-

144 1870 244 1918 positum,
261 1881 272 1909 a
287 1869 439 1908 communione
454 1871 525 1908 sancte
543 1869 631 1909 ecclesie
642 1880 750 1918 separasse
766 1871 785 1908 et
801 1869 821 1908 in
836 1871 880 1908 tota
896 1880 930 1917 pa-

143 1935 243 1974 rahechia
259 1933 296 1981 (sic
311 1932 369 1980 cod.)
385 1934 512 1983 Vapincensi
524 1946 588 1974 omne
599 1933 765 1974 ecclesiasticum
776 1933 873 1974 alticium
885 1946 930 1983 pre-

143 2003 174 2039 ter
187 1999 316 2048 baptismum
328 1999 467 2046 interdixisse,
479 1999 548 2039 donec
559 1999 656 2042 Ribcrtus
667 1999 767 2048 expulsus
777 1999 839 2039 tuerit
850 2002 869 2039 et
880 1998 932 2039 alter

144 2065 221 2114 dignus
236 2068 256 2104 et
271 2064 361 2104 idoneus
376 2064 473 2113 eligatur.

190 2139 313 2184 Laenenfeld,
327 2139 361 2184 Ep.
376 2139 395 2178 R.
410 2139 430 2175 Ρ.
444 2139 493 2175 ined.
507 2141 539 2182 443
554 2140 642 2175 1L4537.

518 2268 574 2310 111.

200 2368 258 2408 taor.
274 2367 396 2408 Alexander
408 2368 430 2407 ll
444 2366 546 2407 Oernasia
560 2367 658 2412 Remensi
673 2366 761 2414 lReirns)
776 2367 933 2416 archiepiscopo

144 2436 165 2473 el
178 2433 335 2483 suffraganeis.

198 2522 218 2563 Si
234 2523 293 2571 quod
308 2522 374 2562 oflicii
390 2523 451 2562 vestri
468 2524 499 2562 est
513 2522 679 2571 exequeremini‚
702 2534 745 2562 non
767 2521 874 2569 abbatem,
895 2522 932 2561 sed

145 2589 265 2629 maleficum
283 2588 431 2637 Reginaldum,
447 2600 458 2627 a
474 2588 536 2628 Petro
551 2587 645 2628 Ostiensi
661 2588 772 2637 episcopo,
784 2590 825 2628 eta
836 2587 897 2627 vobis
913 2588 933 2627 in

145 2655 240 2694 conciliis
255 2654 309 2701 iusta
324 2655 412 2700 ratione,
429 2656 451 2693 ut
466 2653 528 2693 nobis
548 2654 636 2693 relatum
654 2657 693 2699 est,
709 2653 883 2700 condemnatum,
907 2652 933 2692 ab

145 2721 192 2771 ipso
207 2721 272 2760 sancti
289 2719 393 2766 Medardi,
410 2720 468 2768 quod
483 2720 600 2759 simoniace
621 2720 702 2766 invasit,
722 2718 829 2759 caenobio
850 2718 933 2768 penitus
