1924 3132
311 203 405 233 DECRETA
419 203 469 248 ROM.
483 201 611 230 PONTlFlCUil'l

441 365 497 406 220.

123 470 181 515 1103,
206 469 287 508 Maii.
303 467 417 507 Pasclzulis
431 468 453 506 II
465 467 550 506 Diduco
567 467 663 516 episcope
686 467 857 516 Composielluuo

68 532 188 583 (Hispan).
203 534 238 573 De
251 533 345 573 ecelesiis
360 545 373 573 a
390 533 462 582 Comp.
478 531 653 582 dependentibus.

120 622 231 664 Adicimus
246 624 309 663 etiam
325 625 347 663 ut
357 634 396 663 nec
407 623 521 671 episcopis,
533 634 573 662 nec
583 622 734 671 episcoporum
746 623 855 671 ministris,

67 690 155 729 facultas
170 690 196 730 sit
211 690 231 729 in
248 688 323 729 iisdem
339 688 433 729 ecclesiis
448 687 555 737 quaslibet
570 699 636 728 novas
647 689 757 737 imponere
768 700 856 728 consue-

67 755 159 802 tudines,
175 763 214 795 nec
229 755 322 804 ipsarum
338 754 433 800 clericos,
450 753 482 794 vel
498 755 555 803 ipsas
563 754 663 794 ecclesias
672 755 857 794 excommunicare

67 823 103 861 aut
117 820 242 861 interdicere
257 819 337 869 absque
352 823 388 860 tua
403 820 559 860 examinatione
574 822 594 859 et
609 820 705 859 certioris
725 820 800 868 culpae
821 832 856 873 co-

68 887 171 936 gnitione,
187 886 224 926 secl
240 886 260 925 in
275 888 312 925 tuo
328 888 348 925 et
357 885 463 925 Ecclesiae
471 884 661 934 Compostellanae
670 885 766 925 dominio
776 886 856 934 integre

68 954 88 992 et
103 952 174 1001 quiete
190 953 335 1001 permaneant.

122 1025 192 1069 Florez,
206 1026 281 1070 lispar'ra
294 1024 378 1069 Sagrada
392 1024 427 1060 XX
440 1023 478 1067 (ed.
491 1024 510 1069 2)
523 1025 554 1068 353
569 1024 599 1059 PL
614 1024 653 1069 163,
664 1025 707 1068 1133
721 1025 743 1060 1L
756 1025 808 1060 5942.

441 1163 497 1205 221.

124 1271 181 1316 1103,
200 1269 246 1310 Oet.
262 1269 299 1309 30.
313 1267 427 1308 Puseteelis
437 1268 459 1307 ΙΙ
468 1245 556 1315 clericis,
568 1267 673 1307 militibus
683 1270 704 1307 et
712 1268 786 1308 ceteris
795 1268 857 1308 luicis

67 1347 105 1385 per
121 1335 248 1375 Gallicanas
262 1334 368 1375 ecclesius.

122 1424 256 1472 Audivimus,
272 1426 292 1464 et
307 1424 341 1464 vix
355 1424 441 1464 credere
457 1425 573 1473 potuimus,
590 1425 648 1474 quod
664 1424 769 1465 confrater
786 1428 858 1465 noster

69 1490 173 1530 Eduensis
188 1488 276 1535 (Autunl
292 1489 413 1538 episcopus,
430 1491 450 1529 et
466 1489 608 1529 archidiaconi
624 1489 676 1536 eius,
693 1489 725 1529 vel
741 1489 857 1539 archipres-

68 1555 143 1604 byteri,
159 1566 202 1594 non
217 1554 295 1602 justitia
310 1553 375 1600 ducti,
392 1553 430 1594 sed
445 1554 587 1594 aemulatione
598 1555 712 1604 compulsi,
724 1555 785 1595 vobis
796 1556 857 1595 inter-

69 1620 159 1661 dixerint
173 1620 317 1660 Vizeliaeense
334 1619 463 1660 coenobium
482 1619 589 1668 (Vezelay,
606 1619 634 1660 O.
650 1620 671 1661 S.
688 1618 721 1666 Β.)
738 1621 858 1661 devotionis

69 1687 135 1735 gratia
150 1686 215 1732 adire,
232 1685 342 1725 ecclesiam
358 1685 452 1733 introire,
468 1687 488 1724 et
503 1685 529 1725 ad
544 1686 665 1734 sepulcrum
681 1686 754 1726 beatae
769 1687 856 1733 llllarlae,
871 1704 881 1710 -

69 1751 127 1800 quod
143 1752 163 1790 in
179 1751 252 1791 eadem
269 1751 357 1791 ecclesia
372 1749 497 1798 celebratur,
510 1751 618 1798 accedere,
631 1753 666 1791 aut
676 1751 757 1800 aliquas
768 1751 857 1792 oblatio·

69 1828 107 1856 nes
117 1827 233 1864 apponere.
245 1817 306 1856 Nova
321 1815 373 1856 haec
388 1819 419 1855 est
434 1816 554 1855 interdictio
564 1816 712 1856 sacerdotum:
726 1828 774 1856 cum
786 1817 812 1856 ad
823 1817 858 1856 de-

69 1882 177 1921 votionem
193 1893 277 1928 vocare,
293 1893 336 1921 non
352 1893 363 1921 a
378 1881 492 1921 devotione
508 1893 614 1929 revocare,
633 1882 770 1922 sacerdotalis
791 1881 857 1922 oflicii

70 1946 164 1987 debitum
180 1947 283 1987 videatur.
300 1947 366 1987 Porro
382 1959 421 1987 nos
437 1947 571 1987 interdictum
588 1948 629 1988 hoc
643 1947 768 1987 sacerdotali
784 1948 858 1988 oliicio

70 2012 210 2052 dissolventes
224 2013 278 2052 scire
292 2024 331 2052 vos
346 2012 453 2060 volumus,
465 2014 514 2061 quia
529 2013 573 2052 sive
587 2013 708 2062 episcopus,
720 2025 757 2053 seu
769 2013 857 2053 ministri

69 2077 121 2125 ejus,
138 2078 177 2118 nisi
188 2077 215 2118 ab
230 2077 269 2118 hac
284 2079 457 2127 praesumptione
472 2078 597 2126 destiterint,
616 2079 746 2128 apostolieae
761 2079 818 2119 sedis
828 2079 858 2118 in-

70 2142 193 2192 dignatione
209 2143 333 2193 plectentur.

116 2218 186 2254 Munsi
197 2218 231 2254 XX
246 2219 292 2254 1029
305 2229 328 2261 s.;
342 2219 373 2255 PL
387 2219 426 2263 163,
442 2220 484 2263 1223
500 2220 587 2265 1L5959.

414 2404 416 2407 ,
446 2353 502 2395 222.

125 2459 183 2505 1104,
199 2459 253 2498 Νον.
270 2458 291 2498 8.
306 2457 421 2498 Pasclzulis
435 2459 457 2498 ΙΙ
469 2458 597 2499 monasterio
611 2444 774 2508 eluriiciuueusi‚
792 2459 818 2500 Ο.
835 2460 857 2500 S.

69 2523 95 2563 B.
112 2522 213 2572 (Auetziu,
228 2523 250 2563 d.
265 2522 350 2569 Areas).

124 2611 258 2662 Sepulturam
274 2614 360 2662 quoque
376 2613 471 2661 ejusdem
487 2614 527 2654 loci
543 2615 632 2654 omnino
650 2614 737 2654 liberam
758 2626 804 2654 esse
824 2615 859 2654 de·

70 2679 184 2725 cernimus,
200 2681 312 2719 uteorum
328 2680 363 2728 qui
379 2679 421 2719 illic
436 2679 519 2729 sepeliri
538 2679 707 2727 deliberaverint,
720 2680 828 2720 devotioni
840 2682 860 2720 et

70 2746 163 2784 extreme
178 2744 288 2792 voluntati,
304 2745 344 2785 nisi
359 2736 413 2786 torte
428 2747 605 2786 excommunicati
616 2746 665 2793 sint,
677 2746 747 2786 nullus
762 2746 858 2793 obsistat,
