1924 3132
275 177 367 207 DECRETA
382 177 431 208 Rom.
446 177 573 206 PONTlFICUM

402 340 447 382 85.
486 306 487 309 Ἴ

84 447 130 486 997.
148 446 265 495 Gregorius
284 445 440 486 Vmonusierio
454 446 593 495 floriacensi,
612 445 638 486 Ο.
650 446 672 486 S.
684 446 710 486 B.
727 444 817 496 (fleur),
880 493 882 496 .

32 509 283 558 St-Benoitsur-Loire).

135 601 213 642 idcirco
229 601 336 650 suggessit
351 602 469 642 auctoritati
485 603 556 642 nostre
571 601 698 642 venerabilis
713 600 767 641 abba
782 613 819 641 no-

32 668 88 708 mine
103 666 166 707 Abho
181 679 206 706 ex
220 666 312 707 cenobio
327 667 386 715 quod
401 669 489 707 vocatur
504 667 637 707 floriacus...

84 731 190 772 Addimus
205 733 267 772 etiam
283 735 331 772 ut...
347 744 386 772 nec
399 732 475 781 aliquis
486 731 512 772 de
523 732 598 772 ordine
608 732 741 779 sacerdotali.
753 731 820 772 archi-

32 799 146 848 episcopus
160 798 240 837 scilicet
254 798 287 837 vel
302 799 416 846 episcopus
431 800 467 837 aut
484 797 572 838 clericus
590 809 639 837 eum
658 796 696 844 (sc.
712 796 820 844 abbatem)

32 864 148 913 inquietare
163 875 202 903 nec
216 864 262 903 sine
277 863 385 903 voluntate
396 854 462 911 ipsius
473 863 500 903 ad
510 863 566 903 idem
583 864 735 903 monasterium
749 863 820 902 venire

32 931 67 968 aut
81 928 173 976 aliquam
189 928 346 969 ordinationem
362 928 431 968 tacere
446 928 478 967 vel
494 929 569 984 missas
584 928 691 968 celebrare
704 930 819 977 presumat,

33 997 54 1033 ut
69 994 235 1042 omnitempore
250 994 315 1041 quieti
327 996 347 1033 et
357 994 425 1033 securi
441 992 521 1042 absque
536 994 594 1033 omni
610 993 707 1033 molestia
723 993 755 1032 vel
770 1004 820 1032 con-

33 1059 134 1099 troversia
149 1058 247 1097 monachi
260 1059 280 1097 in
291 1058 368 1098 eodem
382 1058 512 1098 monasterio
528 1058 575 1098 Deo
591 1058 696 1098 deservire
712 1059 819 1114 possint...

85 1122 151 1170 Quod
166 1124 183 1163 si
193 1124 290 1177 peccatis
307 1122 450 1164 habitatorum
468 1126 523 1164 terre
540 1122 682 1173 exigentibus,
698 1134 821 1163 excommu-

33 1190 144 1230 nicationis
157 1190 269 1230 anathema
280 1190 306 1230 ad
317 1202 354 1230 eos
365 1191 491 1239 pervenerit,
504 1190 524 1229 id
539 1190 673 1239 privilegium
689 1190 759 1229 eidem
775 1201 820 1229 mo-

33 1257 124 1296 nasterio
140 1256 274 1303 indulsimus,
291 1258 313 1295 ut
328 1256 402 1296 tratres
417 1256 512 1305 ejusdem
528 1256 701 1305 congregationis
720 1258 821 1305 peragant

34 1322 128 1362 divinum
144 1321 249 1370 officium,
266 1323 287 1361 in
302 1321 403 1362 omuibus
418 1322 517 1361 absoluti.

86 1408 164 1452 Psisier,
179 1407 220 1451 Cla,
234 1408 305 1444 Etudes
325 1419 357 1444 sur
370 1408 387 1443 le
401 1407 466 1453 Regae
479 1409 503 1443 de
517 1408 587 1447 Robert
600 1408 617 1443 le
631 1408 697 1451 Pieux,
712 1407 763 1443 Paris
776 1408 821 1443 1885

34 1478 50 1512 p.
61 1468 109 1503 LVll
121 1466 263 1514 (bibliotheque
276 1468 300 1503 de
314 1467 380 1503 l'ecole
393 1467 427 1503 des
440 1468 506 1503 hautes
520 1468 597 1512 litudes,
606 1467 651 1503 fasc.
661 1465 696 1511 64)
710 1467 743 1513 qui
757 1469 823 1503 auctor

34 1538 78 1562 usus
92 1529 120 1563 est
133 1527 262 1572 manuscripto
276 1528 345 1563 saeculi
359 1535 401 1563 xvll
416 1538 439 1563 ex
453 1528 552 1563 cartulario
569 1528 594 1563 du
608 1520 682 1572 prieure
695 1528 719 1562 de
733 1527 750 1562 la
764 1525 822 1565 Rdole

33 1586 51 1620 in
67 1585 185 1621 Bibliotheca
200 1586 224 1622 de
239 1586 256 1621 la
272 1585 336 1630 Reole,
349 1585 381 1621 iol.
395 1587 426 1629 343
439 1586 462 1622 ct.
476 1596 554 1632 quoque
569 1587 591 1621 E.
605 1586 683 1630 Sncknr,
697 1586 732 1621 Die
745 1585 822 1621 Clunia-

34 1655 104 1688 ceuser,
118 1645 124 1679 l
138 1644 201 1689 (1892)
214 1646 254 1690 294.
269 1646 356 1681 113812.

407 1823 447 1865 86.

87 1929 134 1969 998.
152 1905 269 1979 Gregorius
283 1929 302 1968 V
313 1928 417 1978 Leopoldo
431 1928 506 1970 abbati·
519 1930 643 1970 monasterii
659 1929 685 1970 Ο.
702 1930 724 1970 S.
740 1930 766 1970 B.
782 1930 823 1970 Fu-

35 1994 140 2034 lariensis
155 1993 271 2046 (Pfucfuers
287 1995 309 2034 d.
327 1994 392 2044 conr,
408 1993 523 2041 Helvetia).

88 2083 143 2124 Cum
159 2086 229 2124 autem
245 2084 343 2133 generale
359 2084 493 2124 interdictum
509 2087 576 2124 terrae
591 2084 661 2131 tuerit,
677 2085 738 2125 liceat
753 2085 822 2133 vohis,

35 2148 110 2188 clausis
126 2149 201 2197 ianuis,
217 2149 307 2189 exclusis
323 2150 446 2197 interdictis,
461 2161 505 2190 non
521 2150 608 2199 pulsatis
623 2151 739 2200 campanis,
753 2151 824 2191 diviua

35 2214 105 2254 officia
122 2214 236 2261 celebrare,
248 2214 368 2254 dummodo
384 2226 468 2255 causam
485 2226 527 2254 non
543 2215 644 2255 dederitis
660 2216 779 2256 interdicto.

59 2324 64 2329 ω
87 2301 111 2336 Α.
125 2299 226 2344 Eiclzlzom,
240 2300 366 2346 Episcopatus
385 2300 483 2337 Curieusis
496 2301 514 2336 in
529 2301 612 2345 eraetia,
625 2300 674 2338 Cod.
688 2302 742 2347 prob.
756 2303 787 2344 353
802 2302 824 2337 lL

35 2359 87 2394 3889.
101 2359 224 2395 Falsiticatio!
237 2360 310 2395 Textus
323 2370 338 2395 a.
349 2360 401 2404 1656,
410 2359 534 2405 probabiliter
546 2360 613 2405 partim
627 2361 650 2396 ad
662 2361 774 2407 exemplum
788 2361 825 2406 pri-

36 2417 97 2463 vilegii
113 2418 209 2455 Paschalis
225 2419 239 2454 ll
254 2418 272 2454 d.
285 2420 308 2456 29
322 2420 360 2455 lan.
375 2420 420 2456 1116
436 2419 521 2456 concessi
537 2419 635 2456 coniectus
649 2423 682 2457 est.
698 2419 727 2456 Ci.
743 2420 775 2456 le.
790 2431 824 2457 uon

36 2477 99 2523 Maur)
115 2478 151 2515 Die
167 2478 260 2524 Regesteu
276 2479 310 2515 der
325 2479 416 2515 Schweiz.
432 2479 631 2525 Eidgeuossenscbatt.
648 2481 661 2517 l.
675 2479 734 2524 Baud,
751 2480 795 2516 tlett
808 2482 824 2516 l.

35 2537 58 2577 Κ.
73 2538 162 2585 Wegelin,
176 2538 212 2575 Die
226 2539 319 2585 Regesten
333 2540 367 2575 der
380 2539 513 2575 Benediktiner
526 2540 582 2576 Abtei
597 2539 694 2583 Plaevers3
707 2540 729 2576 E.
743 2540 825 2585 Stengel,

37 2596 77 2634 Karl
88 2598 184 2635 Widmers
195 2598 304 2635 Piaeuerser
314 2599 466 2645 Faelsclruugem
476 2599 505 2635 in:
516 2599 623 2636 Festschrift
631 2599 643 2635 i.
653 2600 696 2636 Alb.
706 2600 827 2636 oracumauu

37 2655 98 2702 (1931)
111 2659 195 2702 5916013
209 2658 333 2702 Braclrmann,
348 2659 452 2695 Geianuniu
465 2659 538 2703 Pontis.
553 2660 567 2694 ll
581 2661 592 2695 2
605 2659 668 2703 (1927)
682 2661 721 2695 112.
