1924 3132
298 152 390 181 oficaern
405 152 455 182 Rom.
470 152 597 179 PONTIFICUM
829 145 840 179 9

54 270 156 319 primatur
172 270 275 310 interdicti
291 270 352 310 titulo
364 282 401 310 seu
412 270 640 310 excommunicationis
654 269 686 310 vel
702 270 841 310 anathematis

53 331 146 375 uinculo.
162 335 212 375 Non
227 336 283 375 enim
300 336 377 385 patitur
392 337 463 375 sancte
478 335 538 375 Sedis
556 335 673 384 apostolice
691 337 804 376 auctoritas
819 337 841 375 ut

54 399 116 439 ullius
131 400 284 449 cujuscumque
295 412 386 450 persone
397 400 528 448 obligatione
542 401 690 449 proscindatur
700 412 711 440 a
722 413 745 440 se
755 396 842 440 cuilibet

54 477 155 505 concessa
169 464 262 505 liberalis
277 466 369 506 libertas.
386 466 462 514 Neque
477 466 543 514 ipsius
561 465 601 505 loci
620 466 694 505 tratres
712 465 842 514 ubicumque

55 528 117 578 positi
133 531 287 579 cuiuscumque
298 531 393 579 episcopi
400 528 561 570 'maledictionis
571 530 603 569 vel
614 531 842 571 'excommunicationis

54 595 139 635 vinculo
154 597 265 635 teneantur
279 595 398 635 adstricti...

109 661 133 701 Et
147 662 163 701 si
180 661 256 710 aliquis
270 661 424 711 cujuscumque
439 661 546 710 obligatus
559 661 692 702 anathemate
706 662 797 702 eundem
812 661 842 701 lo-

55 738 102 766 cum
119 727 235 776 expetierit,
251 728 295 767 sive
306 739 345 776 pro
356 727 453 777 corporis
462 727 578 776 sepultura,
590 739 627 767 seu
638 728 723 768 alterius
735 740 773 767 sue
788 727 842 767 utili-

55 793 102 832 tatis
117 795 137 833 et
151 792 224 833 salutis
240 804 278 841 pro
293 793 368 842 gratia,
380 792 467 833 minime
483 805 494 833 a
509 793 570 833 venia
580 795 600 833 et
611 792 681 833 oblata
697 792 843 833 misericordia

55 857 185 898 excludatur.

107 932 200 970 Analecta
212 933 263 970 lario
275 932 376 978 Pontificii
387 933 408 969 X
418 932 480 978 (1869)
494 934 538 977 3233
552 933 580 968 IL
593 933 646 969 4005.
659 954 681 959 -
695 933 745 975 Quia
758 933 777 969 in
790 935 843 969 textu

55 1002 105 1038 papa
114 992 158 1029 dicit
167 1003 187 1029 se
197 993 316 1039 privilegium
326 993 431 1029 concedere
445 993 470 1029 ob
484 993 609 1029 interventum
625 992 708 1029 Heinrici
718 992 843 1038 imperatoris,

56 1051 136 1087 dubium
149 1052 173 1088 de
187 1051 327 1089 authenticitate
342 1054 404 1088 ortum
420 1053 453 1089 est.
468 1052 563 1088 lohannes
579 1052 629 1088 enim
643 1052 729 1098 pontitex
743 1053 783 1088 lun.
798 1053 843 1088 1024

56 1110 131 1155 electus,
146 1110 241 1147 ilenricus
254 1122 299 1147 vero
312 1111 330 1146 d.
345 1113 366 1147 13
380 1112 413 1147 lul.
423 1112 469 1147 1024
482 1113 568 1147 mortuus
580 1112 613 1147 est.
626 1111 699 1146 Tamen
713 1121 736 1146 ex
750 1110 787 1146 hoc
800 1110 843 1145 solo

56 1169 160 1206 ialsiiicatio
175 1170 206 1205 vix
221 1171 297 1216 probari
313 1181 370 1216 posse
385 1171 464 1215 videtur,
477 1181 521 1206 cum
534 1170 581 1206 aliae
594 1170 677 1206 rationes
690 1169 790 1205 dubitandi
803 1180 842 1205 non

2 1250 3 1253 =
56 1229 180 1274 proterantur.

428 1352 468 1395 94.

112 1452 169 1499 1025,
185 1450 243 1500 Ang.
255 1452 287 1491 12.
303 1427 472 1491 1000110εεῖ1011
482 1450 590 1501 Ooufrido
600 1451 671 1491 comiti
681 1450 844 1500 Anaegavornn

57 1514 154 1566 (Anjoa).
168 1515 290 1566 Confirmat
296 1516 447 1566 fundationem
458 1516 557 1557 ecclesiae
566 1516 714 1557 Belliloceasis
725 1514 844 1563 (Beonliea-

57 1579 210 1628 lez-te-Mans).

112 1667 220 1714 ...praeter
228 1665 347 1707 Romanum
360 1666 482 1714 pontificem
495 1666 564 1705 nullus
575 1665 748 1715 archiepiscopus
759 1665 843 1711 audeat,

58 1730 149 1779 aliquam
166 1730 335 1771 dominationem
351 1730 485 1770 exhiberem
501 1743 533 1778 ea,
549 1731 593 1770 sive
608 1731 664 1770 illam
681 1730 813 1770 interdicere.

110 1803 294 1850 Pflugk-Harttung
306 1804 330 1839 ΙΙΙ
343 1805 354 1839 5
368 1816 394 1839 nr.
404 1806 425 1849 5,7
434 1804 466 1849 qui
480 1804 583 1850 legendum
597 1806 650 1850 putat
663 1804 758 1840 lohannes
772 1803 813 1839 Xlll
828 1811 846 1838 et

57 1865 201 1907 consequenter,
211 1863 255 1908 quia
264 1873 325 1898 annus
334 1865 387 1908 pont.
396 1863 493 1899 secundus
502 1863 600 1907 indicatur,
609 1874 625 1898 a.
634 1863 679 1906 9673
693 1864 776 1898 ceterum
785 1863 845 1897 totam

57 1921 128 1957 bullam
137 1921 204 1957 falsam
214 1932 255 1957 esse
264 1922 351 1957 declarat.
362 1922 387 1957 tl.
396 1922 443 1959 4000
452 1922 524 1957 bullam
533 1932 576 1957 cum
586 1921 705 1957 dubitatione
715 1921 794 1956 iohanni
801 1921 845 1955 XlX

57 1980 134 2016 ascribit
146 1991 227 2026 eamque
240 1992 251 2016 a
264 1981 373 2027 suspicione
387 1993 426 2017 non
440 1983 532 2017 remotam
545 1992 587 2017 esse
600 1981 649 2017 dicit.

430 2109 470 2152 95.

114 2205 172 2252 1050,
191 2203 255 2253 April
272 2205 293 2244 8.
312 2204 352 2244 Leo
370 2204 402 2243 IX
418 2203 492 2244 abbati
511 2216 567 2244 mon.
586 2204 710 2253 Etactensis,
731 2204 758 2245 O.
777 2204 800 2245 S.
819 2204 845 2244 B.

59 2268 124 2317 taret,
141 2282 183 2310 arr.
199 2269 225 2309 de
239 2268 342 2316 Limoaxl.

113 2360 201 2409 Insuper
216 2361 340 2400 auctoritate
352 2355 475 2409 'apostolica
492 2360 620 2409 judicamus,
636 2363 659 2400 ut
677 2360 727 2399 nulli
743 2360 846 2408 archiepi-

58 2437 173 2475 scoporum
185 2425 218 2464 vel
229 2426 380 2474 episcoporum
396 2426 548 2466 monasterium
565 2425 642 2475 ipsum,
654 2425 686 2466 vel
697 2425 796 2465 abbatem
810 2425 845 2474 qui

60 2490 138 2531 ibidem
154 2491 200 2538 luit,
217 2491 294 2531 abhinc
312 2491 403 2539 inantea,
419 2502 456 2531 seu
474 2491 566 2540 aliquem
583 2503 607 2530 ex
622 2491 797 2540 congregatione,
814 2490 846 2530 vel

59 2556 151 2606 aliquem
165 2557 305 2607 pertinentem
321 2556 347 2596 ad
364 2557 433 2606 ipsum
445 2556 597 2597 monasterium
613 2557 799 2597 excommunicare
814 2556 846 2596 vel

59 2622 198 2662 anathematis
209 2622 294 2663 vinculo
305 2622 415 2670 innodare,
427 2633 472 2669 seu,
484 2621 571 2671 aliquod
582 2621 678 2662 altarium
694 2620 789 2669 ejusdem
805 2621 846 2661 loci

59 2687 92 2727 vel
107 2688 200 2737 aliquam
215 2688 326 2728 ecclesiam
342 2687 481 2728 exconciliare
496 2686 565 2727 liceat.
580 2687 647 2734 Quod
662 2689 678 2727 si
695 2686 771 2736 aliquis
788 2698 847 2737 prae-
