1975 3157
380 138 473 168 DECRETA
486 139 536 168 ΗΘΜ.
551 139 679 168 PONTlFlCUlll

500 295 502 298 ’
510 290 565 331 192.

191 388 249 434 1098,
265 387 319 427 Νον.
330 389 367 427 24.
385 387 485 427 Urbanus
494 388 516 427 il
530 387 636 438 &offredo
651 389 725 429 abbati
737 389 862 452 monasterii
875 390 923 430 Vin-

135 453 255 493 docineusis
267 450 398 499 (Venddme).
407 453 522 493 Ecclesium
533 453 606 494 heatae
613 454 699 494 Priscae
709 454 731 495 iu
741 454 922 495 montemontano

135 519 199 559 sitam
213 519 233 559 ei
247 519 269 558 in
283 520 406 568 perpetuum
422 518 495 559 tradit.

152 603 154 606 ’
189 608 334 657 praecipimus
349 609 411 647 etiam
427 611 450 648 ut
464 610 506 648 tam
519 610 539 648 in
549 608 702 649 vindocinensi
718 610 848 650 monasterio
859 621 922 658 quam

136 670 157 712 in
172 667 237 713 sancti
248 672 362 727 Salvatoris
376 674 433 722 juxta
443 673 565 723 Andegavis
576 672 675 723 (Angers)
687 675 860 729 murosecclesia
871 674 922 715 nulli

136 750 240 792 personae
259 739 298 778 nisi
318 738 368 778 soli·
379 751 446 788 papae
466 739 527 779 liceat
547 742 673 788 potestatem
692 740 784 789 aliquam
802 743 837 780 aut
855 740 923 780 domi-

136 805 244 844 nationem
262 815 366 850 exercere,
383 807 418 844 aut
435 805 620 845 excommunicare
637 817 674 844 seu
692 805 825 852 interdicere,
841 806 923 846 etiamsi

136 869 248 918 contigerit
266 868 428 916 Carnotensem
445 872 480 910 aut
497 869 673 919 Andegavensem
692 872 781 919 patriam
799 883 837 919 pro
856 872 924 920 culpis

136 934 266 983 quibuslibet
281 936 468 989 excommunicari.
485 936 560 984 Neque
575 937 638 975 etiam
653 936 749 976 subditas
764 936 863 976 ecclesias
878 936 923 976 ubi·

136 1012 228 1049 cumque
243 1001 284 1039 sint
299 1001 483 1041 excommunicare
498 1000 530 1041 vel
546 1001 671 1041 interdicere
686 1002 785 1050 cuiquam
801 1002 869 1048 liceat,
884 1003 923 1041 nisi

136 1066 198 1106 certis
211 1077 250 1114 pro
265 1065 333 1114 culpis
348 1068 368 1105 et
383 1078 435 1114 quas
445 1066 609 1107 vindocinensis
622 1066 687 1106 abbas
702 1069 722 1106 et
737 1067 810 1106 tratres
821 1068 923 1107 canonice

136 1132 163 1171 ab
178 1132 229 1181 ipsis
244 1131 351 1180 episcopis
366 1132 469 1172 admoniti
485 1132 599 1172 emendare
614 1133 788 1182 contempserint.

190 1206 281 1243 Analecta
295 1208 341 1243 luris
355 1207 448 1243 Pontilieii
462 1207 478 1242 X
492 1205 554 1251 (1869)
567 1208 607 1243 563.
622 1208 643 1243 ll.
657 1208 708 1243 5714.

511 1330 566 1372 193.

192 1429 286 1469 losa-99.
305 1428 405 1469 Urbanus
419 1429 441 1468 Il
453 1428 527 1468 abbati
540 1428 664 1468 rnouasterii
681 1428 737 1468 beuti
753 1428 812 1469 Petri
829 1429 924 1469 Latinia-

136 1495 205 1535 ceusis
220 1493 307 1544 lergny,
324 1494 409 1534 arronei.
425 1492 520 1539 Meaux).

191 1573 356 1624 Decernimus,..
368 1584 395 1624 ita
410 1586 480 1624 tamen
496 1583 554 1632 quod
565 1596 634 1632 neque
650 1583 744 1631 ejusdem
761 1584 867 1624 Ecclesiae
878 1582 924 1629 <Pa-

137 1647 238 1695 risiensis)
252 1650 362 1698 episcopo,
375 1661 444 1698 neque
459 1648 610 1689 archidiacono
625 1649 686 1689 liceat
701 1649 825 1689 temerariae
840 1660 924 1688 excom-

137 1715 287 1755 municationis
297 1715 329 1754 vel
341 1714 482 1754 exsecutionis
493 1717 528 1754 aut
539 1714 700 1754 consuetudinis
710 1726 825 1763 gravamen
836 1714 924 1762 aliquod

136 1780 236 1820 iratribus
251 1781 353 1829 irrogare.

191 1854 222 1891 PL
236 1856 275 1898 151,
289 1855 333 1898 5233
347 1855 370 1890 ll
383 1856 435 1890 5728.

512 1977 567 2019 194.

193 2076 313 2116 losa-1099.
332 2075 432 2116 Urbanus
445 2075 467 2115 Ii
479 2074 578 2115 daiberto
593 2076 689 2124 episcopo
699 2074 858 2115 Averzrzioneusi
868 2073 925 2121 (Aui-

135 2140 211 2191 garon).

192 2225 324 2274 Episcopalis
339 2224 404 2265 oliicii
421 2225 513 2271 interest,
526 2225 631 2273 religiosis
642 2225 692 2264 viris
702 2221 803 2264 auxilium
814 2236 864 2264 suae
878 2235 926 2273 pro-

137 2292 235 2331 tectionis
250 2291 382 2339 impendere.
398 2291 462 2331 Unde
477 2290 592 2339 plurimum
608 2290 634 2329 de
649 2293 684 2329 tua
700 2290 803 2339 religione
816 2290 924 2337 miramur,

137 2357 239 2406 quoniam
255 2356 368 2405 religiosos
382 2355 456 2396 iratres
472 2356 585 2396 lirinensis
600 2356 722 2396 monasterii
735 2354 823 2402 (letius,
836 2356 856 2396 d.
868 2355 926 2395 nnu-

137 2421 191 2470 besl,
208 2422 266 2472 quod
282 2422 378 2471 protecto
394 2422 459 2462 nostri
474 2421 526 2469 iuris
541 2424 579 2468 est,
596 2421 672 2461 diceris
687 2421 793 2461 infestare.
811 2421 925 2461 Ecclesiam

137 2489 217 2537 quippe
232 2488 297 2527 sancti
313 2487 396 2527 Thome
411 2487 437 2527 de
452 2489 521 2527 castro
533 2487 620 2527 laurata
631 2486 775 2533 (St-Thomas
786 2487 812 2526 de
824 2487 925 2533 laurate,

138 2551 377 2600 BouchesduRhonel,
389 2565 452 2602 quam
468 2556 488 2593 et
503 2552 618 2593 multorum
635 2564 739 2592 annorum
756 2553 891 2601 possessione
906 2554 927 2591 et

138 2620 227 2662 Romani
244 2619 348 2668 privilegii
363 2619 539 2659 corroboratione
554 2621 673 2666 tenuerunt,
690 2619 720 2658 eis
735 2618 817 2658 auterre
834 2618 925 2658 conaris.

137 2685 265 2726 Mandamus
276 2685 340 2733 igitur
350 2685 458 2724 dilectioni
469 2687 511 2731 tue,
524 2687 546 2723 ut
556 2685 666 2723 ecclesiam
679 2684 735 2723 illam
746 2686 766 2723 et
777 2683 803 2723 ab
815 2683 926 2723 interdicto
