1924 3132
302 144 430 180 scumrones,
444 143 556 172 Eplsiotnfi
801 134 823 169 63

39 271 76 308 ntis
89 276 145 311 supra
158 265 229 299 ceteras
243 256 332 298 franciae
345 262 433 298 ecclesias
447 262 521 306 habeat,
534 263 628 307 quatenus
642 261 694 296 nulla
701 259 823 296 ecclesiastici

8 337 9 342 ’
39 327 106 367 ordinis
120 333 189 369 magna
202 322 230 358 vel
247 333 303 368 parva
324 332 407 368 persona
419 321 438 357 in
460 321 497 357 hoc
516 321 568 356 altari
588 320 641 366 quod
661 320 823 366 consecravimus,

0 412 8 433 p,
40 390 114 425 ulissam
128 383 223 418 celebrare
236 383 349 427 praesumat,
359 381 394 416 nisi
409 381 512 420 Remorum
525 380 680 425 archiepiscopus
694 381 712 415 et
720 379 777 425 hujus
787 380 823 415 loci

4 624 8 669 ἶ
40 636 67 662 rna
74 623 113 659 vice
121 619 236 656 monasterio
244 619 379 656 celsiniacensi
387 619 405 654 d.
413 620 429 654 7.
437 619 483 654 Dec⁴
492 619 537 654 1005
543 630 547 661 ;
554 619 627 654 textum
634 617 678 654 vide
685 617 732 653 intra
740 617 759 653 in
767 617 787 653 P.
794 617 823 653 lll.

0 671 8 731 Ξ
84 682 152 726 Neque
165 679 263 725 privilegia
276 679 373 715 Paschalis
387 679 402 714 ll
416 679 434 713 d.
447 678 470 713 20
484 678 523 713 Mai
538 678 584 713 1107
597 679 615 713 et
628 678 645 712 d.
659 678 675 712 3.
690 678 727 712 lan.
738 678 784 713 1110
793 676 824 721 (ll.

39 743 83 780 (1149
96 743 113 777 el
126 737 180 783 6255)
194 738 218 775 de
231 738 330 774 interdicto
344 738 457 784 loquuntur3
472 748 516 773 nam
529 737 611 780 formula
624 737 717 782 generalis
736 751 743 766 a
751 738 770 772 ut
783 736 824 772 nul-

39 805 66 839 lus
79 799 178 836 bominum
192 798 308 833 coenobium
321 799 392 833 temere
405 797 474 832 audeat
486 796 610 842 perturbare»
628 796 746 841 privilegium
760 806 824 831 exem-

39 860 106 907 ptionIs
119 858 143 894 ab
157 857 255 893 interdicto
269 857 361 903 episcopi,
374 857 427 902 quod
449 867 525 901 semper
546 856 640 901 expressis
662 856 724 891 verbis
744 855 824 891 concedi

40 920 99 963 debet,
113 917 220 953 nullatenus
234 916 340 952 includunt.

411 1059 450 1099 61.

0 1193 6 1202 ἵ
93 1154 150 1193 1117.
176 1152 293 1202 Episcopus
316 1151 486 1201 Eugolismeusis
501 1151 530 1191 ud
545 1150 721 1200 Corisopiteusem
741 1148 825 1200 (Quint-

40 1216 195 1269 per-Corentiu)
213 1218 340 1267 episcopum.

3 1358 6 1361 Ξ
92 1306 201 1347 Gerardus
232 1306 400 1354 Engolismensis
424 1306 539 1354 episcopus
563 1317 587 1344 ac
608 1308 692 1344 sanctae
717 1305 825 1347 Romanae

41 1372 139 1412 ecelesiae
154 1371 235 1419 legatus
251 1371 344 1412 Roberto
360 1370 515 1419 Corisopitensi
531 1370 645 1410 venerabili
661 1366 771 1419 'episcopo
793 1382 826 1410 sa-

41 1439 103 1477 lutem
119 1439 139 1476 et
153 1436 333 1476 benedictionem.
355 1436 468 1475 Dilectioni
484 1438 565 1475 vestrae
587 1435 713 1475 mandamus
735 1435 825 1484 quodsi

0 1500 6 1562 Ξ
41 1514 111 1542 comes
119 1501 222 1542 Conanus
230 1504 310 1541 vestrae
319 1504 385 1541 terrae
395 1502 414 1540 ln
425 1513 457 1541 res
466 1501 672 1549 Kemperelegiensis
683 1499 825 1549 (Quimperle'l

0 1562 6 1619 ’ξ
41 1568 120 1607 abbatis
135 1579 210 1607 manus
227 1579 275 1607 suas
291 1568 375 1615 injicere
391 1567 563 1615 praesumpserit,
580 1578 628 1606 eum
654 1566 789 1612 interdicatis,
806 1569 826 1606 el

0 1657 6 1684 gs
42 1636 104 1672 totam
119 1636 196 1673 terram
212 1632 256 1680 ejus
271 1644 326 1681 quae
341 1633 361 1671 in
376 1633 500 1681 episcopatu
519 1634 589 1671 vestro
600 1634 638 1678 est,
655 1632 731 1671 divinis
749 1631 827 1671 otiiciis

42 1699 132 1746 privetis.
153 1697 250 1744 Quodsi
266 1700 347 1737 tantum
369 1698 503 1746 sacrilegium
526 1698 572 1737 sine
586 1698 672 1745 justitia,
689 1697 748 1745 quod
763 1697 825 1744 absit,

0 1772 5 1822 Ξ
41 1764 186 1810 sustinueritis,
203 1764 303 1803 noveritis
314 1775 353 1812 pro
364 1775 469 1803 consensu
484 1762 546 1802 vobis
560 1763 684 1802 canonicam
700 1763 825 1802 sententiam

0 1822 4 1886 s
43 1830 158 1869 imminere.

0 1888 4 1906 'R
86 1904 187 1948 Mobilimz,
201 1904 284 1939 Annales
298 1903 345 1939 O.S.
360 1904 405 1939 Ben.
418 1904 442 1939 Vl
456 1903 500 1946 6313
514 1903 536 1938 cl.
550 1903 650 1947 epistolam
663 1902 738 1938 Conani
752 1903 827 1938 comifis

0 1935 4 1958 ⁵
42 1962 59 1997 in
72 1964 157 2008 sequenti
171 1974 251 1999 numero
260 1965 278 1999 et
287 1963 376 2008 epistolas
387 1962 482 1998 Paschalis
493 1963 507 1998 ll
517 1962 535 1997 d.
544 1963 573 1998 30.
583 1963 632 1998 Nov.
643 1963 694 2006 illi,
704 1962 722 1997 in
733 1962 787 1997 Parte
798 1962 827 2005 lli.

415 2105 454 2146 62.

96 2201 153 2239 1118.
171 2199 272 2240 Couuuus
287 2211 354 2239 comes
364 2198 390 2238 de
400 2198 518 2238 redditione
527 2198 600 2238 Bellue
610 2198 694 2238 insulae
705 2195 827 2246 (Belle-Ilef

43 2262 148 2313 urz-Mer).

95 2354 117 2394 ln
132 2356 219 2395 nomine
241 2357 325 2394 sanctae
344 2357 364 2394 et
381 2354 503 2394 individuae
525 2354 639 2401 Trinitatis,
663 2365 704 2402 ego
726 2353 828 2394 Conanus

0 2421 3 2445 s
43 2417 126 2459 humilis
142 2420 262 2460 Britanniae
277 2420 327 2467 dux,
345 2431 393 2459 cum
409 2431 482 2459 sorore
500 2431 547 2459 mea
570 2419 703 2467 tladeuguis‚
728 2422 747 2458 et
762 2422 829 2458 matre

44 2494 88 2524 mea
104 2485 228 2534 Ermenjart,
240 2486 298 2526 dono
310 2488 330 2525 et
340 2485 436 2525 concedo
453 2497 491 2534 pro
506 2485 573 2524 salute
588 2485 671 2525 animae
687 2496 746 2524 meae
762 2487 782 2524 et
793 2496 828 2533 pa·

44 2552 123 2590 rentum
140 2563 236 2591 meorum
253 2551 383 2591 monasterio
398 2551 457 2599 quod
473 2551 628 2599 Kemperelegii
645 2549 788 2599 lQuimperlel
808 2551 827 2589 in

44 2612 123 2656 honore
137 2620 222 2657 sanetae
237 2616 312 2657 Crucis
327 2619 472 2656 constructum
488 2618 526 2662 est,
538 2619 614 2655 terram
627 2628 681 2664 quae
692 2616 828 2655 Bella-insula

44 2684 135 2730 vocatur„
159 2695 207 2722 cum
231 2682 331 2722 omnibus
353 2681 456 2722 reditibus
479 2682 530 2728 suis,
547 2684 569 2721 ut
585 2684 643 2730 pater
668 2693 728 2721 meus
749 2680 828 2721 Alanus
