1924 3132
0 336 8 378 i

0 378 7 425 a

308 164 405 204 ⁴necuere
419 164 548 203 sruoooaun
804 168 822 201 71

43 306 73 340 ins
90 294 208 344 Gregorius
225 294 282 343 genti
302 293 421 343 ungrorum
440 305 451 333 a
470 294 521 334 sede
540 294 606 333 sancti
627 294 690 334 Petri,
713 294 768 333 Nam
789 305 826 343 per

43 367 119 414 septem
131 372 198 400 annos
209 359 284 409 plenos
295 359 393 410 destituta
404 358 471 399 iuerat
482 359 589 408 episcopis
600 360 670 399 omnis
681 359 740 407 regio
751 358 826 399 Gevis-

0 432 7 458 ¹
42 440 119 473 aarum,
131 426 152 465 id
163 428 194 465 est
204 426 375 465 Westsaxonum.
391 423 442 471 Quo
457 425 538 473 audito,
552 426 691 474 congregavit
702 437 737 464 rex
748 425 826 464 Eduar-

43 498 79 536 n'us
102 490 212 540 Synodum
236 492 358 530 senatorum
383 490 452 538 gentis
481 489 608 539 Anglorum,
633 491 666 530 cui
694 489 827 538 praesidebat

43 556 192 606 ereigmundus
210 555 383 604 archiepiscopus
400 554 559 595 Cantuariensis
577 556 716 604 interpretans
732 555 825 599 districte

42 625 102 666 uerba
120 621 249 670 apostolicae
267 621 386 669 legationis.
405 621 465 660 Tunc
483 633 518 660 rex
535 623 555 660 et
572 622 667 670 episcopi
686 621 769 669 elegere
786 620 826 660 sibi

42 691 125 737 suisque
139 686 223 726 salubre
239 686 360 734 consilium,
376 687 396 726 et
410 685 467 733 juxta
482 697 557 726 vocem
573 685 714 726 dominicam:
735 685 827 725 «hessis

42 753 125 805 quidem
141 752 214 799 multa,
229 752 319 799 operarii
335 754 404 791 autem
421 752 481 799 pauci
493 769 501 786 ›>
518 750 565 797 (Mt.
576 750 609 796 9):
627 751 736 800 elegerunt
746 753 767 790 et
777 762 827 790 con-

0 809 7 861 3
42 819 151 860 stituerunt
165 817 262 866 singulos
277 817 392 865 episcopos
406 816 496 865 singulis
512 817 626 865 provinciis
637 816 790 857 Gevissorum:
807 818 827 855 et

0 2097 136 2166 'mm

43 883 98 934 quod
113 882 164 922 olim
180 882 223 922 duo
239 881 365 928 habuerunt,
383 883 402 921 in
419 882 513 931 quinque
528 881 652 921 diviserunt.

93 947 146 987 Acto
161 947 253 987 concilio
264 946 437 996 archiepiscopus
448 947 538 989 Romam
554 959 602 986 cum
618 946 743 987 honorificis
755 958 827 985 mune-

0 1053 6 1067 ᾖ
43 1015 97 1055 ribus
119 1013 177 1060 adiit,
198 1024 275 1062 papam
295 1024 344 1052 cum
364 1013 441 1060 magna
461 1012 579 1052 humilitate
599 1012 696 1061 placavit,
718 1011 826 1051 decretum

43 1080 95 1128 regis
110 1078 211 1124 recitavit,
228 1077 286 1125 quod
301 1076 427 1126 Apostolico
443 1078 534 1117 maxime
550 1077 635 1126 placuit.
653 1076 744 1120 Rediens
759 1077 779 1117 in
791 1089 826 1125 pa·

43 1145 109 1189 triam,
121 1143 141 1181 in
153 1142 204 1182 urbe
215 1142 342 1182 Cantuariae
353 1153 396 1181 uno
407 1142 441 1182 die
451 1145 533 1191 septem
545 1143 660 1191 episcopos
670 1144 751 1190 septem
763 1142 827 1181 eccle-

43 1210 76 1249 siis
91 1208 243 1248 ordinavit:....
260 1206 301 1247 hoc
316 1208 378 1247 etiam
394 1209 462 1247 totum
474 1220 529 1256 papa
539 1207 639 1255 firmavit,
656 1210 678 1247 ut
693 1207 829 1247 damnaretur

0 1289 5 1328 t
44 1276 62 1313 in
78 1275 211 1322 perpetuum,
227 1273 263 1321 qui
279 1272 320 1312 hoc
336 1273 452 1312 infirmaret
467 1272 583 1313 decretum.

88 1347 117 1382 ed.
132 1347 208 1391 Stubbs,
226 1347 252 1383 W.
269 1348 303 1383 140
310 1358 330 1391 s.‚
347 1346 428 1383 London
445 1348 490 1383 1887
506 1346 583 1392 (Rerum
602 1347 751 1383 Britannicarum
768 1347 828 1383 Medii

0 1415 4 1432 ³
44 1407 87 1442 heri
100 1406 222 1451 Scriptores)·‚
236 1406 267 1441 Pl.
279 1408 308 1448 74,
322 1407 373 1442 1093.

95 1516 114 1555 h.
137 1516 186 1555 Huc
206 1516 298 1565 pertinet
318 1528 341 1556 ex
363 1515 456 1566 ejusdem
481 1516 581 1556 Willelmi
601 1517 691 1556 narn.-
710 1515 737 1555 de
755 1515 827 1562 Gestis

45 1581 172 1630 Pontificum
188 1581 319 1631 Auglorum:

96 1663 140 1703 Lib.
158 1664 174 1703 ll
190 1660 203 1712 ἓ
218 1664 251 1704 80.
267 1663 362 1713 Sigelmo
378 1665 478 1704 successit
494 1664 650 1704 Ethelwordus.
673 1664 723 1711 Quo
743 1666 829 1704 mortuo

44 1729 130 1769 cessavit
145 1729 280 1778 episcopatus
295 1729 458 1769 Westsaxonum
474 1730 534 1770 annis
549 1732 639 1778 septem,
658 1731 677 1769 vi
695 1729 774 1776 scilicet
792 1729 829 1769 ho·

44 1794 131 1833 stilitatis
147 1797 244 1843 cogente.
264 1794 405 1834 Postmodum
424 1807 474 1834 vero
492 1793 631 1834 Pleimundus
648 1794 828 1843 archiepiscopus,

44 1861 63 1898 et
78 1870 112 1898 rex
128 1859 246 1906 Eduardus,
262 1859 319 1899 tilius
335 1859 421 1906 Eliredi,
438 1860 500 1900 minis
518 1863 538 1899 et
555 1860 629 1899 edictis
647 1860 744 1900 Formosi
763 1872 829 1909 papae

0 1920 2 1948 s
44 1924 116 1971 coacti,
133 1925 227 1977 quinque
243 1925 357 1974 episcopos
373 1936 411 1974 pro
427 1924 512 1965 duobus
526 1925 602 1972 iecere,
615 1928 637 1965 ut
647 1925 719 1975 sepius
729 1925 828 1972 diximus,

0 1992 2 2041 j
44 1991 62 2027 et
77 2000 132 2028 nunc
145 2001 189 2029 non
200 1990 321 2043 importune
333 2001 371 2038 pro
386 1990 519 2030 contexenda
534 2001 603 2029 rerum
619 1991 673 2030 serie
688 1991 829 2039 repetimus...

90 2056 830 2116 mmmmmmmmfflfflmmmwt

96 2243 113 2271 e.
125 2232 223 2281 Epistola
237 2232 334 2272 formosi
346 2244 416 2282 pupae
430 2245 454 2272 ex
471 2233 528 2273 illiti.
547 2233 624 2273 Melm.
643 2233 669 2273 de
687 2232 759 2273 Gestis
776 2228 841 2273 Pon?

45 2295 126 2344 tisicum
141 2297 273 2347 Aegrorum:
802 2296 803 2299 ¹

97 2380 142 2420 lib.
159 2381 166 2420 l
182 2378 194 2428 ἓ
209 2382 242 2421 38.
259 2371 366 2421 Fratribus
381 2383 401 2420 et
415 2381 465 2421 liliis
480 2382 500 2421 in
516 2381 602 2422 Christo
614 2382 714 2421 omnibus
725 2382 832 2430 episcopis

45 2442 132 2493 Angliae
148 2447 271 2487 Formosus.
290 2446 377 2494 Audito,
396 2447 501 2487 nefandos
518 2448 570 2487 ritos
588 2459 720 2496 paganorum
737 2447 832 2496 partibus

46 2509 64 2548 in
80 2513 153 2551 vestris
168 2512 314 2561 repullulasse,
333 2515 353 2552 et
370 2523 408 2552 vos
425 2512 650 2560 tenuisse‘silentium
669 2515 691 2552 ut
709 2524 771 2552 canes
788 2525 831 2553 non

45 2576 136 2617 valentes
151 2578 233 2625 latrare,
250 2577 322 2626 gladio
337 2578 478 2627 separationis
492 2590 504 2617 a
519 2589 609 2627 corpore
625 2578 664 2618 Dei
678 2578 778 2618 ecclesiae
793 2590 832 2618 vos

46 2639 105 2681 lerire
121 2642 292 2683 deliberavimus.
316 2642 357 2682 Sed
378 2643 435 2691 quia,
454 2645 476 2682 ut
493 2643 556 2683 nobis
574 2643 663 2683 dilectus
680 2644 744 2683 trater
761 2646 833 2683 noster

47 2704 183 2748 Pleimundus
203 2708 314 2755 intimavit,
333 2708 419 2748 tandem
440 2708 562 2757 evigilastis.
583 2711 603 2748 et
613 2709 695 2749 semina
714 2708 772 2749 verbi
793 2708 831 2749 Dei
