1975 3157
116 168 139 203 76
362 175 455 204 [Jecur-:TA
469 175 520 205 ROM.
534 169 662 204 PONTlFlCUM

117 293 211 334 indolem
227 305 399 341 commonemus,
416 297 436 335 et
450 296 551 343 tanquam
564 294 669 335 Ecclesiae
686 294 731 335 tilio
754 296 904 344 praecipimus,

117 362 177 399 nete
193 371 267 399 eorum
283 360 417 407 arrogantiae
431 360 508 406 socies,
524 360 561 400 sed
577 371 615 400 eos
630 360 656 399 ad
675 360 780 414 Ecclesiae
795 360 904 410 vjudicium

117 424 262 473 peragendum
278 425 323 473 ipse
338 424 467 473 compellas;
490 425 585 475 alioquin
608 436 748 474 quaecunque
769 426 870 466 adversus
885 428 905 466 te

117 501 156 538 pro
171 489 212 530 hoc
226 492 284 529 reatu
299 490 402 530 sententia
418 491 551 539 processerit,
568 502 607 531 nos
623 493 688 531 ratam
704 490 799 531 Domino
819 493 905 531 auctore

117 554 244 595 tenebimus.

164 629 265 674 Mabillon,
279 629 346 666 Annal.
360 630 384 666 Vl
398 630 444 675 6343
459 631 488 666 PL
502 631 542 674 163,
555 632 601 675 427;
616 631 638 666 lL
650 631 703 667 6565.
763 677 766 681 .

491 752 547 795 265.

172 856 190 884 c.
209 845 272 884 1117?
286 844 384 884 Pascalis
398 842 421 884 Il
435 843 533 884 Conrado
547 844 704 893 archiepiscopo
719 845 879 894 Solzhargeasi.

172 927 214 967 Pro
229 927 356 976 quibusdam
379 927 473 967 ecclesiis
488 940 499 967 a
514 930 534 967 te
550 928 666 967 interdictis
685 939 725 967 nos
744 928 848 968 tlenricus
863 929 906 968 dux

118 991 240 1032 carinthiae
265 992 392 1041 postulavit:
416 1005 455 1033 nos
477 986 551 1033 autem
570 996 637 1033 totum
660 993 680 1032 id
698 993 833 1042 dispositioni
856 995 904 1033 tuae

118 1058 280 1097 committimus.
297 1057 355 1104 Quid
371 1059 427 1097 enim
443 1058 492 1098 inde
507 1057 555 1098 fieri
568 1058 652 1105 debeat,
668 1061 704 1098 tua
719 1058 804 1098 dilectio
829 1059 907 1107 poterit

118 1123 273 1171 sapientiorum
290 1123 376 1163 fratrum
392 1123 545 1163 deliberatione
567 1123 689 1172 disponere.

178 1197 207 1233 M.
224 1197 349 1242 Haasiazias,
371 1197 474 1233 Germania
489 1197 545 1234 Sacra
561 1196 618 1243 (Aug.
633 1198 708 1234 Vindel.
725 1196 811 1242 1727-29)
827 1198 842 1233 ll
860 1198 906 1242 2273

119 1258 141 1293 lL
148 1257 200 1293 6569.
210 1278 230 1282 -
241 1256 296 1292 lianc
305 1256 405 1302 epistolam
414 1257 515 1293 Hansizius
522 1257 591 1302 aliique
599 1257 681 1293 editores
688 1257 760 1301 priores
770 1257 882 1292 Innocentio
891 1258 906 1292 ll

118 1316 248 1359 attribuerunt,
266 1315 380 1361 posteriores
396 1316 459 1361 potius
473 1316 545 1352 Pascali
559 1316 580 1352 ll.
606 1316 626 1351 ln
640 1316 730 1351 mandato
745 1315 769 1351 de
782 1315 873 1360 conciliis,
887 1316 905 1351 in

119 1375 189 1420 quibus
203 1375 274 1420 aliquid
290 1376 314 1410 de
330 1375 434 1411 Gibertinis
449 1377 539 1411 statutum
556 1376 585 1419 sit,
603 1385 666 1411 sermo
684 1377 717 1411 est.
737 1375 790 1411 llaec
805 1375 907 1420 scriptores

118 1436 173 1470 antea
182 1434 206 1470 ad
216 1445 269 1470 conc.
288 1435 413 1470 Lateranense
426 1445 442 1470 a.
457 1435 502 1471 1123
515 1434 631 1471 celebratum
650 1436 735 1480 spectare
749 1434 847 1480 putabant,
860 1444 907 1470 con·

118 1496 220 1538 sequenter
233 1493 332 1539 epistolam
346 1493 421 1530 Calixto
435 1494 450 1529 ll
464 1496 482 1529 et
494 1504 546 1529 anno
561 1495 606 1529 1124
619 1493 749 1537 attribuerunt
762 1493 803 1529 aliis
816 1493 907 1539 probabi·

119 1553 155 1588 lius
166 1553 240 1589 videtur
253 1553 355 1589 concilium
371 1556 497 1589 memoratum
510 1564 552 1589 esse
566 1554 690 1589 Lateranense
703 1552 748 1589 anni
763 1554 809 1589 1112
822 1552 907 1599 ideoque

120 1613 217 1648 Pascalem
235 1613 250 1648 ll
267 1614 364 1648 auctorem
382 1613 466 1658 rescripti
483 1623 531 1648 esse.
546 1611 575 1648 (11.
593 1613 636 1648 nih.
653 1612 777 1656 ssrackmann,
802 1612 907 1648 Germania

119 1671 231 1716 Pontificio,
244 1672 280 1708 vol.
295 1673 301 1707 l
315 1671 377 1716 (1911)
391 1682 434 1718 pag.
447 1673 471 1708 20
484 1676 502 1708 et
514 1673 555 1708 410.
613 1722 615 1724 Ι

494 1794 550 1836 266.

176 1888 270 1926 llll-18.
286 1886 399 1926 Pasclzalis
414 1873 436 1925 ll
448 1887 541 1925 Beatrici
555 1885 678 1926 abbatissae
687 1885 811 1925 monasterii
820 1886 908 1925 Benedi-

120 1951 171 1991 ctin.
187 1951 209 1992 S.
225 1951 318 1991 Fabiani
332 1951 357 1991 da
371 1951 472 1991 Fariaate
487 1949 615 2000 (Ragonio).

174 2035 219 2075 Nec
234 2034 349 2075 diocesano
364 2035 467 2083 episcopo
482 2034 570 2074 facultas
584 2034 610 2074 511
625 2033 736 2074 ecclesiam
753 2034 819 2082 ipsam
831 2028 852 2074 et
863 2045 908 2082 per-

119 2112 183 2140 sonas
199 2100 219 2138 111
228 2112 252 2139 ea
263 2100 357 2139 Domino
368 2100 483 2139 servientes
494 2111 581 2148 gravare
592 2101 627 2139 aut
638 2099 718 2147 aliquid
729 2099 750 2138 in
759 2098 794 2138 illa
805 2101 908 2147 potestate

120 2165 228 2205 iudiciaria
248 2177 370 2205 exercere...

174 2230 307 2279 Sepulturam
324 2241 410 2279 quoque
426 2230 521 2270 eiusdem
537 2230 577 2270 loci
593 2229 681 2270 liberam
700 2241 746 2269 esse
757 2241 876 2276 censemus,
887 2231 909 2269 ut

121 2308 194 2336 eorum
211 2297 319 2335 devotioni
335 2299 355 2335 et
370 2298 462 2335 extreme
482 2296 593 2342 voluntati,
619 2296 693 2344 quise
709 2296 728 2334 in
754 2295 835 2343 prelato
860 2295 908 2334 loco

121 2361 204 2410 sepeliri
220 2361 389 2408 deliberaverint,
411 2361 450 2401 nisi
470 2360 525 2401 torte
549 2361 726 2401 excommunicati
749 2360 781 2399 vel
804 2360 907 2399 interdicti

120 2428 205 2473 tuerint,
220 2427 290 2466 nullus
305 2427 401 2473 obsistat,
418 2426 475 2466 salva
491 2428 562 2466 tamen
585 2426 663 2466 iustitia
685 2425 740 2465 illius
762 2425 850 2465 ecclesie
871 2436 909 2465 seu

121 2493 265 2539 ecclesiarum,
281 2492 385 2539 aquibus
400 2494 534 2531 mortuorum
550 2503 641 2540 corpora
657 2493 800 2531 assumuntur.

167 2566 219 2603 Paul
231 2566 287 2611 Kelar,
301 2566 409 2611 Nachtriige
422 2566 483 2602 zuden
498 2565 596 2611 Papsturlr.
610 2565 685 2601 ltaliens
695 2565 740 2609 Vll;
755 2564 882 2601 Nachriclrten
891 2565 909 2600 d.
931 2586 932 2589 =

121 2626 145 2663 G.
160 2626 264 2671 Gottingen
278 2624 339 2670 (1913)
353 2627 399 2669 418;
413 2626 470 2661 ltalia
483 2625 556 2669 Pontis.
570 2625 594 2661 Vl
610 2627 625 2670 1,
638 2626 682 2669 3043
697 2625 718 2660 ll.
732 2644 742 2651 -

444 2752 587 2759 ———
