1924 3132
315 159 442 195 scureroaes,
456 151 567 187 erisrocxe
813 150 835 184 11

1 277 5 289 ³
49 281 112 324 tuerat,
128 278 227 323 Philippus
240 278 247 313 l
261 288 312 313 anno
328 277 373 313 1079
388 277 407 313 in
421 287 487 312 eorum
502 276 566 312 locum
581 276 686 311 monachos
701 275 836 312 cluniacenses

49 338 133 381 instituit;
147 338 174 372 M.
188 336 275 373 (inerard
289 338 341 383 putat
350 337 408 382 paulo
418 338 461 382 post
471 347 536 372 eorum
550 335 670 372 vocationem
684 346 694 371 a
708 345 752 381 rege
765 335 836 380 depen-

2 415 8 444 3
50 400 130 437 dentiam
144 396 235 433 ecclesiae
244 396 269 433 St.
279 396 355 432 Martini
369 396 392 432 ab
406 396 486 432 ecclesia
499 395 519 430 Β.
533 395 605 431 Nlariae
618 395 636 430 in
651 394 767 430 documento
779 404 836 440 supra

1 452 8 516 J
50 459 154 497 memorato
167 458 254 492 statutam
268 466 315 500 esse,
329 456 382 502 quod
396 457 496 502 propterea
509 466 560 491 anno
575 455 620 491 ruah
633 454 700 490 ascribi
714 456 784 500 posset.

423 592 463 634 37.

0 737 5 745 ἦ
103 691 297 732 restinximus
314 691 424 741 episcopus
441 691 611 740 Engoltsrnensis
629 690 776 740 (Angorrltrna)
794 702 835 730 rno-

48 758 139 800 nnsterio
149 757 172 797 S.
183 757 291 797 Maxentii
301 755 341 802 (St.
354 755 468 802 Moixentl.
483 756 585 796 Foncnnd
598 756 624 796 de
640 756 779 797 Chabonnnis
793 768 835 796 rno-

1 831 6 848 t
48 823 139 865 nasterio
154 823 176 863 S.
188 823 295 862 Maxentii
309 822 420 862 dimidiam
435 824 515 871 partem
531 822 631 862 donorum
646 822 676 862 nrt
689 822 796 862 ecclesiam
810 821 836 861 de

1 908 6 925 1
52 891 120 930 Vitrnc
133 888 283 937 pertinentium
298 887 391 937 dederat,
403 887 461 937 qrrod
473 889 547 937 postea
562 900 575 927 n
585 887 638 936 silio
653 888 699 936 eJ'us
712 887 763 927 aliis
773 887 835 927 donis

0 950 6 970 ·’
48 957 130 995 anctum
145 956 183 993 est.
199 953 319 993 Adernorns
334 953 444 1002 episcopus
458 952 510 993 haec
524 953 595 993 omnin
609 953 738 1002 corrfinncn:

1 1078 7 1095 ἃ
135 1043 222 1091 Insuper
237 1042 308 1090 etiam,
324 1043 340 1082 si
357 1043 469 1091 contigerit
486 1042 601 1091 aliquando
619 1042 729 1082 ecclesiam
748 1045 836 1091 propter

48 1111 127 1159 aliquas
142 1109 262 1148 exactiones
278 1108 381 1155 interdici,
398 1107 430 1148 vel
446 1108 472 1147 ab
488 1107 561 1148 officio
577 1108 649 1148 divino
667 1119 756 1154 cessare,
774 1107 835 1155 jussit

0 1178 5 1225 ξ
49 1177 91 1224 ipse
113 1174 228 1223 episcopus
250 1176 272 1213 at
294 1173 426 1222 parrochiani
445 1185 483 1213 sua
500 1173 588 1213 licencia
606 1177 653 1213 eant
675 1173 701 1213 ad
724 1173 834 1213 ecclesiam

48 1251 123 1280 noxam
138 1240 204 1279 sancti
220 1238 320 1288 Stephani
336 1239 362 1278 de
378 1238 478 1288 Cogulet
490 1239 559 1279 donec
571 1240 615 1287 ipsa
626 1239 714 1279 ecclesia
728 1239 753 1279 de
764 1239 834 1279 Vitrac

48 1305 143 1350 absoluta
160 1307 186 1345 sit
203 1308 223 1345 et
241 1305 335 1345 divinum
354 1305 450 1345 officium
470 1305 489 1344 in
508 1316 532 1344 ea
549 1304 674 1345 celebretur.
693 1303 734 1344 Sed
752 1305 768 1344 si
790 1305 834 1353 ipse

0 1392 4 1428 ἑ
48 1373 160 1420 episcopus
172 1371 301 1410 interdixerit
311 1370 412 1410 ecclesiae
423 1370 518 1410 (livinum
528 1370 623 1410 officium
634 1373 721 1419 propter
736 1369 833 1417 injuriam

0 1428 4 1504 Ξ
48 1437 138 1485 aliquam
154 1436 193 1476 sibi
209 1436 294 1482 tactam,
311 1435 397 1475 obediat
413 1437 491 1485 pastori
507 1436 561 1475 sicut
576 1435 685 1484 placuerit.

0 1524 4 1570 ἑ
93 1510 184 1547 Arclrixes
196 1510 261 1546 histor.
275 1511 301 1546 du
314 1509 383 1546 Poiton
397 1510 445 1554 xvi,
460 1510 539 1546 Poitiers
554 1511 605 1546 1887.
615 1510 694 1546 Chartes
707 1511 731 1546 de
745 1510 755 1545 l'
761 1511 834 1556 abbaye

0 1575 4 1622 ξ
48 1571 70 1605 de
84 1569 236 1614 sant-Manent,
250 1581 267 1615 p.
282 1571 316 1606 189
331 1581 358 1605 nr.
373 1570 412 1605 156.

422 1706 461 1748 38.

101 1807 159 1846 1090.
176 1805 290 1845 Ordericns
302 1803 400 1845 Vitnlisl.
409 1805 469 1845 Hist.
481 1805 529 1845 eccl.
581 1805 717 1845 Interdictum
734 1805 834 1845 Cerznmn-

0 1883 4 1910 ὲ
48 1883 117 1911 nense.

99 1960 144 2000 Lib.
156 1960 202 2001 lllll
217 1973 235 2000 c.
248 1962 280 2000 ll.
296 1960 428 2001 Venerabilis
439 1963 509 2000 autem
521 1960 611 2000 libellus
622 1961 715 2008 antistes,
728 1962 763 2009 qui
775 1961 833 2001 dono

47 2024 154 2065 Guillelmi
175 2027 231 2074 regis
251 2026 393 2075 praesulatum
412 2025 492 2073 habuit,
514 2027 552 2075 ipsi
574 2026 665 2075 filiisque
685 2026 730 2074 ejus
749 2038 835 2075 semper

0 2098 2 2104 ²
47 2090 114 2130 tidelis
129 2091 202 2138 extitit,
219 2094 239 2131 et
255 2092 275 2131 in
291 2094 393 2140 quantum
409 2092 478 2141 potuit
493 2092 632 2131 truculentam
644 2092 832 2132 recalcitrationem

46 2155 151 2204 dissuasit;
171 2158 288 2206 pertinaces
308 2168 358 2197 vero
377 2157 490 2204 interdixit,
512 2156 628 2205 pontificali
647 2157 693 2205 jure
709 2153 834 2197 anathema·

46 2222 127 2269 tizavit;
144 2225 164 2262 et
174 2234 185 2262 a
196 2222 305 2262 liminibus
315 2225 400 2263 sanctae
411 2223 483 2262 matris
497 2223 602 2262 Ecclesiae
617 2223 764 2272 sequestravit.
776 2222 833 2269 Qua-

46 2289 132 2336 propter
149 2288 271 2328 rebellionis
292 2289 411 2328 incentores
430 2291 503 2328 contra
521 2300 569 2328 eum
589 2289 651 2328 nimis
672 2289 792 2340 iratisunt¹
814 2291 834 2328 et

93 2403 97 2424 ¹
112 2403 221 2448 Ordericus,
236 2403 286 2439 tilius
302 2404 392 2448 Odelerii‚
408 2404 440 2450 qui
456 2404 573 2440 Willelmum
589 2404 746 2440 Normannorum
764 2404 833 2440 ducem

45 2472 68 2497 ex
84 2463 146 2499 Gallia
161 2464 180 2499 in
196 2463 284 2509 Angliam
300 2465 376 2499 secutus
391 2465 435 2508 erat,
451 2474 467 2499 a.
484 2465 529 2499 1075
546 2464 564 2499 in
583 2463 713 2509 Ettingesham
729 2464 747 2499 in
765 2464 834 2509 Anglia

45 2524 99 2558 natus
108 2525 141 2558 est.
155 2524 233 2568 Apatre
246 2533 282 2559 suo
296 2523 342 2559 1089
356 2523 471 2559 monasterio
485 2523 502 2559 S.
517 2523 588 2559 Ehrulli
603 2523 687 2559 Uticensi
701 2523 734 2568 (St.
749 2522 833 2567 Evroult)

45 2582 122 2618 traditur
131 2582 196 2628 ibique
205 2585 272 2627 postea
282 2582 388 2618 monachas
400 2583 467 2624 tactus,
481 2584 526 2618 1107
540 2583 647 2618 sacerdotio
656 2582 745 2627 initiatus,
755 2585 834 2628 rogante

45 2640 112 2678 abbate
126 2642 208 2688 Rogerio
222 2642 319 2678 historiam
333 2642 441 2678 monasterii
456 2643 551 2679 Uticensis
564 2642 643 2687 scripsit,
657 2642 727 2678 deinde
736 2642 833 2678 historiam

46 2699 139 2737 Ecclesiae
152 2702 176 2738 ab
190 2701 293 2747 evangeliis
307 2712 367 2746 usque
381 2702 404 2738 ad
418 2713 434 2737 a.
449 2704 500 2738 1140.
514 2701 542 2738 Cl.
556 2702 652 2738 Manilius
666 2702 689 2737 lll
703 2704 743 2738 522.
