1975 3157
125 162 147 197 18
374 169 467 200 proaem
481 169 531 199 aon.
545 169 672 199 rourrrrcuu

128 288 167 328 lice
181 288 238 328 sedis
253 288 382 328 audientiam
398 291 527 337 expectasse.
545 287 651 329 Absoluto
673 289 743 338 itaque
759 300 854 329 exnunc
870 301 915 338 pre-

127 353 184 394 dicto
199 354 265 393 sancti
282 354 356 402 Egydii
373 354 502 394 monasterio
513 357 533 394 et
544 353 627 401 abbate,
639 355 694 394 circa
705 354 838 394 testivitatem
850 354 915 394 sancti

126 419 210 459 Martini
227 418 302 459 ambos
320 420 444 460 auctoritate
455 420 572 469 apostolica
583 419 610 460 ad
620 422 714 460 nostram
726 420 855 460 audientiam
866 431 916 459 con·
976 453 977 456 ,

127 496 237 532 vocamus,
249 487 279 532 ut,
291 485 398 533 utrimque
408 496 471 525 causa
482 485 575 534 cognita,
584 485 666 533 justicia
677 485 734 525 litem
745 497 915 534 compescamus.

174 565 370 611 Pflugla-Harttruzg
382 566 388 601 1
401 566 425 602 36
438 577 465 601 nr.
478 566 507 610 37,
521 566 553 602 ubi
567 567 613 602 lraec
627 566 707 611 epistola
720 577 771 602 anno
780 576 795 601 c.
806 567 848 602 1061
861 566 916 601 ascri·

127 624 185 668 bitur3
201 625 288 661 111602.

501 779 555 820 114.

183 883 240 930 1067,
263 883 310 924 Oct.
331 885 364 923 18.
384 883 507 923 Alexander
524 883 546 923 ll
563 883 641 923 Sancto
660 881 760 929 (Sanctio)
772 883 877 936 7εμιέεορο
897 885 918 923 et

127 948 201 988 abbati
210 949 334 989 monasterii
343 949 365 989 S.
382 948 507 997 Salvatoris,
525 948 552 989 Ο.
562 948 584 988 8.
593 948 619 988 Β.
636 947 688 995 (San
699 948 804 988 Satanan
813 948 839 988 de
848 948 914 996 Latro,

127 1014 148 1053 d.
164 1012 300 1063 Pamplonn).

181 1102 214 1142 Ad
229 1103 338 1142 cumulum
354 1115 406 1151 ergo
422 1103 514 1151 perfecte
529 1103 631 1143 libertatis
646 1104 787 1150 decernimus,
800 1104 874 1152 utiam
885 1115 916 1142 se·

129 1168 222 1217 petatum
241 1169 393 1208 monasterium
412 1168 444 1208 xel
460 1168 540 1217 relique
557 1168 644 1208 basilice
661 1169 705 1208 sive
722 1169 785 1208 etiam
803 1169 872 1208 clerici
885 1168 916 1208 ad

129 1245 177 1273 eum
194 1234 322 1282 pertinentes
337 1245 380 1273 non
396 1234 435 1273 nisi
451 1233 584 1282 exigentibus
602 1234 694 1283 propriis
711 1234 779 1282 culpis
794 1245 916 1274 excommu-

129 1300 225 1339 nicentur
235 1300 276 1338 aud
291 1311 303 1339 a
318 1300 390 1339 divino
401 1299 474 1339 otiicio
495 1300 659 1348 suspendantur,
675 1299 781 1339 licetvtota
798 1299 917 1339 incircuitu

129 1365 238 1413 provincia
253 1365 480 1405 excommunicationis
491 1365 586 1405 videatur
601 1365 659 1405 nodo
675 1365 743 1413 ligari.
759 1364 779 1405 Si
791 1376 855 1413 quem
866 1376 916 1404 sane

129 1441 154 1469 ex
164 1429 272 1469 nobilibus
283 1430 315 1469 vel
327 1429 458 1479 ignobilibus
468 1430 563 1470 eiusdem
575 1430 663 1470 ecclesie
671 1430 810 1470 familiaribus
821 1432 917 1478 tempore

107 1494 109 1496 ’
126 1496 356 1535 >excommunicationis
366 1496 479 1544 contigerit
490 1495 599 1542 infirmari,
612 1495 813 1551 reconciliari-illum
825 1499 845 1535 et
860 1507 917 1535 com·

130 1561 232 1600 municari
248 1561 288 1607 vel,
305 1562 321 1600 si
338 1562 463 1610 oportuerit,
480 1561 564 1610 sepeliri
580 1561 642 1600 etiam
659 1560 764 1600 iubemus.

176 1640 228 1676 Paul
239 1640 295 1685 Kalaa,
310 1641 408 1686 Papsturk.
420 1641 439 1676 in
453 1641 542 1686 Spanien7
558 1641 580 1677 11.
600 1641 684 1677 Navarra
703 1641 743 1677 und
762 1641 840 1686 Aragon
855 1640 918 1685 (1628)

128 1701 169 1736 257.
183 1700 326 1741 Documentum
339 1700 464 1745 falsificatum,
480 1701 533 1746 quod
549 1700 567 1736 in
584 1711 675 1746 processu
689 1711 753 1736 coram
767 1700 818 1736 curia
832 1701 917 1738 Romana

129 1760 177 1796 inter
189 1760 277 1795 abbatem
291 1759 309 1796 S.
322 1759 424 1796 sanatoris
437 1763 455 1795 et
468 1760 581 1806 episcopum
595 1760 763 1806 Pampilonensem
777 1760 847 1805 agitato
860 1760 918 1795 inser-

130 1820 179 1864 vivit,
188 1820 222 1855 sed
231 1819 269 1865 jam
278 1822 323 1855 tunc
332 1822 430 1865 tamquam
439 1819 507 1855 ialsum
517 1820 636 1865 recognitum
650 1821 683 1855 est.
697 1821 719 1856 IL
728 1840 738 1845 -
747 1840 771 1844 -
780 1819 917 1855 Monasterium

68 1915 69 1918 ,
130 1879 224 1924 Leirense,
237 1880 294 1924 caput
308 1879 463 1925 congregationis
483 1880 505 1914 72
523 1879 688 1923 monasteriorum,
702 1879 828 1924 perlongum
843 1880 918 1924 tempus

130 1938 234 1974 libertatem
248 1940 266 1973 et
279 1938 421 1984 exemptionem
435 1949 445 1973 a
458 1938 589 1984 jurisdictione
602 1938 688 1984 episcopi
703 1938 855 1984 Pampilonensis
870 1938 918 1974 obti-

130 2008 174 2034 nere
188 1999 277 2033 conatum
287 1999 319 2042 est,
329 2008 379 2043 quae
392 1998 409 2033 ei
422 2008 498 2044 semper
512 1998 642 2043 denegabatur
654 1988 683 2022 —³
691 1997 770 2033 tortasse
780 2008 804 2033 ex
813 1997 918 2033 rationibus

130 2057 211 2103 politicis
225 2067 279 2103 reges
293 2057 388 2093 Navarrae
401 2057 551 2103 respicientibus
572 2058 586 2093 1Ξ
604 2059 669 2093 contra
684 2057 766 2093 vicinum
783 2057 918 2093 monasterium

130 2116 148 2153 S.
162 2116 252 2153 Iohannis
268 2117 291 2152 de
307 2116 372 2152 Penna
387 2117 406 2152 in
422 2127 482 2162 regno
497 2117 605 2162 Aragoniae
621 2116 657 2162 jam
675 2118 718 2153 11111
736 2117 759 2152 ab
775 2116 885 2152 Alexandro
903 2117 918 2152 11

131 2176 219 2221 precibus
238 2175 300 2212 Sancii
320 2175 404 2221 (Sancbo
422 2175 514 2220 Ramirez)
535 2177 584 2222 regis
603 2176 746 2221 exemptionem
764 2187 774 2212 a
789 2175 919 2222 jurisdictione

131 2236 217 2281 episcopi
235 2235 326 2271 Oscensis
340 2234 487 2280 (jaca-Huesca)
500 2237 608 2272 assecutum
623 2237 651 2272 est
664 2234 764 2280 (1111191),
777 2246 835 2280 quam
853 2237 919 2280 postea

131 2295 236 2340 Gregorius
249 2296 283 2332 Vll
297 2297 315 2330 et
329 2295 418 2331 Urbanus
433 2295 447 2330 11
461 2295 626 2331 confirmaverunt.
640 2295 779 2331 Monasterium
788 2295 806 2331 S.
818 2294 919 2331 Salvatoris

132 2355 220 2390 Leirense
229 2355 248 2390 in
257 2355 296 2391 suis
310 2354 410 2391 conatibus
424 2355 523 2392 obtinendi
533 2354 675 2400 exemptionem
685 2355 745 2391 varias
755 2354 818 2391 Bullas
827 2354 918 2390 confictas

132 2415 155 2451 ad
169 2414 291 2460 probandum
304 2425 324 2450 se
337 2414 375 2460 jam
389 2414 476 2460 primitus
489 2414 608 2460 privilegium
622 2414 749 2460 exemptionis
762 2414 855 2460 recepisse
866 2413 919 2449 adhi-

132 2474 177 2518 buit,
190 2474 224 2509 sed
237 2473 301 2518 frusta,
311 2474 355 2519 quia
364 2473 506 2509 falsificationes
516 2473 585 2510 iteratis
594 2473 667 2510 vicibus
677 2473 749 2512 Romae
762 2484 796 2519 per
808 2473 918 2518 diligentem

132 2533 274 2580 inquisitionem
288 2533 448 2569 documentorum
464 2534 548 2569 detectae
563 2535 612 2569 sunt.
628 2535 654 2569 lta
669 2534 805 2569 monasterium
826 2532 919 2579 episcopo

132 2592 275 2638 Pampilonensi
288 2592 395 2628 subiectum
409 2592 478 2628 mansit
491 2594 509 2628 et
521 2592 598 2628 tandem
612 2592 636 2628 ab
650 2592 761 2628 Innocentio
776 2592 799 2628 111
813 2592 831 2628 d.
840 2593 868 2629 21.
879 2593 918 2629 lun.

133 2653 179 2689 1198
192 2652 312 2698 privilegium
325 2652 415 2688 libertatis
424 2652 447 2688 ab
457 2652 556 2688 interdicto
570 2652 680 2698 impetravit.
695 2652 724 2688 De
737 2652 766 2687 his
775 2651 919 2698 quaestionibus

132 2713 212 2748 multum
226 2712 317 2758 scriptum
331 2715 364 2756 est,
378 2712 428 2750 Kehr
441 2712 465 2748 de
479 2711 580 2748 litteratura
593 2714 621 2748 sat
634 2714 712 2748 extensa
721 2712 732 2747 1.
742 2722 757 2747 c.
767 2723 785 2757 p.
794 2712 849 2748 33-34
858 2712 918 2748 retent.
