1924 3132
324 143 452 179 SCRll’TORES,
465 144 576 172 El’lsrocne

433 296 472 337 44.

111 408 161 448 Post
182 407 239 446 1098.
255 406 290 446 lvo
306 405 392 446 Cornot.
408 405 533 446 Doimberto
547 406 704 456 archiepiscopo
718 406 843 448 Senonensi.

111 498 150 546 Ep.
173 497 206 536 76.
229 496 261 535 De
283 498 366 535 caetero
388 494 505 535 Adeliciam
526 495 678 536 Puteacensem
700 496 810 536 dominam
826 500 846 537 et

59 565 174 612 Hugonem
189 561 257 601 tilium
273 561 318 609 ejus
333 573 381 600 cum
397 561 485 601 caeteris
500 560 633 608 adjutoribus
650 563 694 602 suis
712 565 799 611 propter
816 566 846 611 ty-

59 628 167 670 rannidem
178 639 242 676 quam
254 627 274 666 in
285 638 325 666 nos
336 629 441 673 exercent,
453 639 478 666 ex
488 627 613 666 auctoritate
624 627 742 675 apostolica
757 639 768 667 a
784 627 847 667 nobis

1 730 5 747 ξ
59 694 253 735 excommunicatos
264 692 371 741 precando
383 692 507 738 insistimus,
524 694 544 731 et
559 692 677 732 insistendo
689 704 807 741 precamur,
824 697 846 732 ut

1 771 8 793 a

59 771 96 800 vos
107 769 193 807 quoque
204 758 400 804 excommunicetis,
417 760 452 797 aut
467 758 522 797 male
533 758 604 797 invasa
616 757 678 797 nobis
689 758 768 798 restitui
784 758 847 798 lacia-

2 829 3 832 ’
59 827 97 865 tis..
110 823 143 864 Sic
162 825 219 863 enim
239 823 355 872 antiquitus
375 825 406 862 est
424 823 542 862 institutum
563 824 583 863 et
603 834 671 871 nuper
690 824 709 862 in
730 822 846 863 Avernensi

1 912 2 917 =
59 889 149 930 concilio
165 889 262 928 omnium
277 888 429 937 episcoporum
446 888 480 936 qui
497 888 591 935 aderant,
610 899 716 928 consensu
734 888 847 928 confirma·

60 960 111 1002 tum,
133 957 155 993 ut
174 954 200 993 ab
218 965 261 993 uno
281 954 384 1002 episcopo
404 953 522 1001 quemlibet
541 953 681 1001 pro-injuriis
701 954 848 993 ecclesiasticis

60 1020 274 1066 excommunicatum,
291 1019 352 1058 vicini
364 1030 451 1068 quoque
466 1019 561 1067 episcopi
576 1020 769 1059 excommunicent.
781 1018 847 1065 Quod

60 1087 75 1125 si
91 1087 189 1124 causatur
204 1083 279 1131 injuste
294 1096 317 1123 se
332 1085 546 1131 excommunicatam,
562 1085 632 1124 veniat
642 1085 668 1123 ad
682 1084 798 1124 Ecclesiam
814 1086 847 1124 cui

60 1150 186 1190 calumniam
202 1149 258 1195 lacit,
275 1152 295 1189 et
310 1161 321 1188 a
336 1161 377 1198 qua
393 1150 471 1189 nullam
488 1149 584 1196 injuriam
601 1150 698 1198 pertulit;
713 1150 786 1189 audiet
801 1148 848 1189 Deo

59 1215 143 1263 juvante
157 1214 233 1261 justam
249 1226 272 1254 se
287 1214 542 1265 accepissesententiam.
559 1213 682 1263 apostoliea
693 1217 763 1254 autem
775 1217 847 1254 aucto-

61 1282 119 1320 ritate
134 1292 145 1319 a
160 1280 223 1319 nohis
238 1292 284 1319 eam
300 1291 345 1319 esse
364 1280 578 1326 excommunicatam,
597 1280 704 1328 exemplar
721 1280 848 1327 apostolica-

0 1377 1 1380 ,
61 1357 105 1384 rum
122 1346 236 1385 litterarum
252 1345 311 1394 quod
326 1345 387 1384 vobis
402 1345 516 1392 transmisi,
533 1344 655 1384 declarabit.
672 1345 752 1385 Valete.

109 1420 144 1455 11.
159 1419 198 1464 162,
212 1421 240 1456 or.

437 1561 477 1602 45.

115 1672 165 1711 Post
182 1671 281 1711 10981v0
297 1671 384 1711 Comot.
396 1671 520 1711 Doimberto
535 1654 626 1720 orclcicp.
643 1671 767 1711 Senouensi.

116 1760 153 1808 Ep.
172 1761 216 1800 lll.
233 1759 372 1808 Colloquium
388 1763 480 1800 vestrum
501 1760 544 1807 jam
559 1772 571 1799 a
587 1760 654 1800 multo
676 1763 773 1809 tempore
795 1760 848 1801 desi·

62 1825 144 1872 derans,
160 1825 242 1873 speravi
259 1837 292 1864 me
308 1837 371 1874 posse
387 1825 504 1873 paternitati
527 1827 608 1865 vestrae
623 1825 682 1874 loqui
699 1826 718 1864 in
741 1829 847 1866 conventu

62 1889 87 1928 ad
103 1902 166 1939 quem
182 1891 261 1929 invitati
282 1902 366 1930 eramus
381 1891 401 1929 in
423 1891 506 1930 civitate
528 1890 672 1937 Vellavorum,
696 1893 716 1930 et
731 1902 768 1930 ore
783 1891 809 1930 ad
825 1903 850 1931 os

61 1955 176 1995 clamorem
191 1956 260 1995 facere
275 1956 302 1995 de
317 1955 398 2002 injuriis
413 1967 466 2005 quas
488 1956 539 1995 milri
555 1959 575 1995 et
590 1956 695 1996 Ecclesiae
717 1957 768 1996 milri
791 1968 849 1996 com·

62 2020 138 2060 missae
153 2020 215 2061 infert
233 2021 298 2070 lingo
310 2021 453 2068 Puteacensis,
466 2032 525 2061 more
536 2032 623 2061 suorum
635 2033 720 2070 semper
731 2021 850 2071 rependens
892 2042 893 2045 ¹

63 2085 116 2125 mala
132 2097 171 2135 pro
186 2086 260 2132 bonis;
277 2098 340 2135 ouem
352 2098 391 2126 nec
406 2086 476 2134 pudor
490 2085 603 2133 humanus,
614 2098 653 2126 nec
664 2087 714 2126 tidei
725 2099 789 2135 quam
799 2087 850 2127 milri

63 2149 125 2190 debet
140 2153 162 2190 ut
177 2151 274 2198 domino,
291 2151 370 2191 detinet
385 2163 396 2191 a
411 2151 497 2200 rapinis
517 2151 567 2191 dum
592 2145 649 2191 nulla
670 2154 742 2192 nostra
765 2153 785 2191 in
801 2163 849 2191 eum

63 2217 199 2262 praecesserit
215 2217 297 2265 injuria,
320 2217 352 2255 vel
374 2216 431 2256 nulla
446 2217 464 2256 ei
480 2228 491 2255 a
507 2216 615 2256 nobissit
637 2217 741 2265 denegata
762 2217 849 2264 justina.

62 2279 127 2326 Quod
143 2293 194 2329 ergo
210 2284 265 2321 certa
281 2283 362 2321 ratione
377 2285 427 2322 tunc
442 2283 570 2328 distulimus,
587 2294 643 2321 nunc
661 2282 808 2331 praesentibus
819 2284 849 2322 lit-

62 2346 118 2393 teris,
134 2346 199 2391 tlexis,
210 2347 301 2396 genibus
316 2347 394 2394 cordis,
411 2347 552 2395 postulamus,
568 2350 590 2387 ut
605 2359 654 2387 eum
670 2347 754 2388 anobis
765 2359 850 2387 excom-

63 2412 193 2452 municatum
208 2407 405 2459 excommunicetis,
422 2415 441 2452 et
457 2412 552 2452 divinum
569 2412 664 2452 otiicium
680 2413 821 2452 Merarivillae
830 2416 849 2453 et

63 2476 108 2523 eius
122 2476 245 2524 adjacentiis
265 2477 401 2524 interdicatis
418 2480 438 2517 et
459 2477 604 2517 aurelianensi
628 2478 739 2526 episcopo,
756 2481 779 2518 ut
794 2478 850 2518 idem

63 2539 125 2581 iaciat
133 2543 190 2591 apud
197 2543 311 2583 Puteacum
321 2544 461 2591 praecipiatis.
469 2542 578 2592 Alioquin,
585 2544 601 2583 si
612 2544 718 2592 principes
724 2544 797 2600 mundi
805 2545 852 2592 plus

64 2606 163 2647 timemus
174 2619 237 2657 quam
249 2607 327 2655 Deum,
339 2608 450 2648 manifeste
460 2607 502 2656 jam
514 2611 587 2657 portae
598 2608 658 2648 interi
674 2608 850 2658 praevalebunt...

114 2681 143 2717 et
157 2682 196 2727 162,
211 2683 250 2718 129.
