1924 3132
263 135 355 164 oecaera
370 127 419 164 x'ou.
434 135 560 163 voxrrrrcuu
793 129 804 163 7

19 254 192 306 praedecessores
214 255 279 294 nostri
303 266 369 304 regno
389 252 547 301 concesseruut,
569 254 677 295 destruere
692 257 803 302 conantur,

19 333 72 371 quae
83 332 115 360 res
126 332 165 360 uos
176 321 267 369 graviter
277 321 393 367 contristat,
408 321 457 370 quia
472 321 488 360 si
504 321 544 360 no's
558 323 635 360 statuta
646 316 803 360 antecessorum

19 387 139 426 nostrorum
151 397 193 425 non
204 397 320 432 servamus,
332 397 371 425 nec
382 388 453 425 nostra
463 385 540 425 servari
556 385 694 426 confidimus.
711 385 803 426 Proinde

20 463 56 501 per
70 451 247 499 omnipotentiam
264 450 359 497 Domini,
375 442 502 490 authoritate
512 462 599 499 quoque
609 450 664 490 beati
681 451 735 490 Petri
749 452 805 501 prin-

18 515 71 564 cipis
92 514 239 563 apostolorum
261 516 281 554 et
303 516 375 554 nostra
392 513 503 554 hortamur
523 505 586 563 atque
609 515 759 564 praecipimus,
783 517 805 555 ut

19 579 117 620 authores
132 579 194 627 hujus
210 580 374 628 praesumtionis
389 580 409 618 in
425 580 523 628 proximo
539 579 619 619 Pascha
634 579 660 619 ad
677 592 717 620 nos
734 581 805 620 venire

19 645 105 686 faciatis.
122 644 174 685 Sunt
185 647 254 684 autem
271 645 364 684 leterius
379 644 637 694 pseudoarchiepiscopus
652 644 769 692 Senonum,
785 648 805 686 et

19 711 63 758 ejus
78 709 235 750 Aurelianensis
249 710 397 758 suffraganeus
413 710 501 756 fulcho,
518 712 553 758 qui
570 711 590 749 in
605 713 684 750 tantam
701 711 805 759 proripuit

19 776 155 826 proterviam,
171 778 193 815 ut
208 775 315 815 Gauzlino
331 775 400 815 abbati
417 776 539 815 monasterii
562 775 582 815 S.
602 775 805 826 Benedictipraeci-

20 843 77 890 peret
93 840 202 889 privilegia
223 853 235 880 a
252 840 303 880 sede
318 840 435 889 apostolica
456 852 496 880 suo
518 841 648 881 monasterio
666 841 741 881 collata
757 842 806 890 igne

19 917 119 946 cremare.
143 905 247 945 Volumus
262 908 332 945 autem
356 906 425 954 ipsum
443 905 541 945 abbatem
564 906 641 954 pariter
656 906 763 952 advenire,
784 909 806 945 ut

19 971 75 1020 apud
86 973 187 1017 sanctam,
199 971 232 1010 cui
244 970 291 1010 Deo
302 970 350 1010 licet
360 970 491 1010 concedente
502 970 602 1020 indignus
613 983 720 1020 praesum,
732 971 805 1011 sedem

19 1048 90 1077 coram
112 1036 198 1076 liniatur
219 1037 371 1083 controversia,
388 1038 407 1076 et
422 1038 558 1085 contemptor
579 1037 645 1076 sancti
668 1036 723 1077 Petri
742 1037 806 1086 digna

20 1102 122 1151 plectatur
137 1113 213 1150 poena.
229 1101 272 1148 Qui
288 1113 338 1141 vero
353 1104 388 1141 tua
403 1102 548 1141 amantissima
563 1102 710 1144 admonitione
727 1105 805 1151 spreta,

20 1167 45 1207 ad
60 1169 155 1207 sanctum
179 1167 263 1221 Petrum
279 1169 299 1207 et
314 1167 340 1207 ad
356 1179 395 1207 nos
410 1168 481 1207 venire
499 1167 625 1216 despexerit,
648 1168 687 1207 nisi
710 1168 807 1223 corporis

20 1232 131 1273 infirmitas
146 1244 194 1272 eum
210 1233 335 1281 gravaverit,
351 1245 362 1272 a
377 1233 454 1272 divinis
468 1244 491 1273 se
506 1233 598 1273 alienum
614 1234 713 1273 misteriis
728 1230 754 1273 ex
767 1233 805 1273 Dei

20 1301 39 1338 et
54 1300 125 1338 nostra
136 1292 187 1338 sciat
197 1299 285 1338 existere
295 1299 406 1338 sententia.
423 1297 490 1347 Cujus
504 1298 643 1347 aegritudinis
659 1299 747 1339 modum
758 1301 806 1339 tuae

20 1363 154 1404 excellentiae
169 1364 241 1403 literae
257 1363 320 1412 regali
336 1363 407 1412 sigillo
422 1364 517 1412 signatae
535 1366 619 1404 nostrae
638 1364 730 1404 indicare
748 1376 807 1404 cura·

20 1429 72 1469 hunt
87 1429 232 1469 sollicitudini.
244 1429 312 1469 Vestri
324 1429 394 1477 itaque
405 1429 493 1469 honoris
504 1429 630 1478 magnitudo
641 1432 713 1469 nostra
723 1429 806 1472 studeat

20 1494 136 1543 adimplere
152 1495 239 1542 monita,
256 1497 276 1534 et
291 1506 328 1534 eos
343 1495 378 1543 qui
395 1494 467 1534 sedem
483 1494 643 1544 appellaverunt
657 1495 806 1544 apostolicam,

20 1560 77 1599 nulla
91 1561 146 1599 sinat
160 1559 186 1599 ab
202 1560 326 1599 adversariis
342 1571 411 1599 rerum
426 1572 512 1600 suarum
531 1560 572 1609 pati
591 1560 710 1609 dispendia,
733 1572 759 1600 ne
781 1561 806 1607 si,

21 1625 79 1674 quod
101 1625 161 1672 absit,
181 1625 240 1669 aliter
261 1637 325 1674 quam
343 1625 470 1665 mandamus
491 1628 560 1665 actum
579 1626 649 1673 tuerit,
672 1638 715 1666 non
737 1626 807 1666 solum

21 1690 189 1738 contumacibus,
206 1703 279 1731 verum
295 1692 353 1731 omni
369 1694 439 1731 vestro
457 1703 523 1742 regno
541 1691 680 1731 anathematis
698 1692 808 1731 invehatur

21 1768 116 1796 censura.
128 1755 273 1805 Sempiternus
284 1756 342 1795 Deus
352 1768 390 1796 sua
401 1768 439 1796 vos
455 1757 587 1805 protectione
598 1757 711 1804 custodiat,
724 1759 744 1796 et
760 1760 808 1806 post

20 1821 85 1870 longa
95 1821 219 1870 temporalis
227 1821 285 1870 regni
297 1821 400 1861 curricula
411 1822 437 1861 ad
448 1834 513 1870 regna
522 1822 623 1870 perducat
634 1824 726 1869 aeterna,
737 1834 806 1861 amen.

70 1895 135 1932 Gallia
152 1895 263 1932 Christiana
278 1896 319 1932 Vlll
335 1894 397 1941 (1744)
410 1896 445 1932 490
454 1907 471 1940 s;
489 1896 552 1932 Neues
565 1896 635 1932 Archiv
647 1897 658 1932 3
671 1895 733 1941 (1878)
747 1897 781 1932 357
791 1908 808 1941 s;

21 1955 109 1991 1t3958.
652 1957 654 1961 “

68 2020 126 2056 Nota.
140 2020 229 2063 Quanam
242 2020 343 2056 occasione
357 2021 403 2056 haec
416 2021 497 2066 epistola
510 2021 579 2067 scripta
592 2021 620 2065 sit,
634 2023 712 2067 apparet
725 2032 748 2057 ex
767 2021 809 2057 Vita

22 2079 115 2116 Gauzllni
128 2075 204 2125 (scripta
219 2090 270 2115 anno
289 2081 315 2115 ll.
331 2082 375 2126 post
392 2082 472 2116 mortem
492 2079 594 2125 Guazlini).
614 2080 753 2116 Nlonasterium
770 2080 809 2117 scil.

22 2139 140 2175 floriacense
153 2150 186 2185 per
199 2139 302 2175 hbbonem
316 2139 404 2176 abbatem
418 2151 434 2175 a.
447 2140 482 2177 997
495 2151 506 2176 a
520 2140 615 2185 Gregorio
624 2141 641 2177 V
651 2140 770 2186 privilegium
780 2151 809 2176 ac-

21 2200 107 2244 ceperat,
115 2199 168 2244 quod
181 2199 245 2235 nullus
258 2198 361 2244 episcopus
374 2199 409 2235 nisi
423 2199 446 2235 ab
460 2199 529 2235 abbate
542 2199 630 2235 invitatus
639 2200 663 2235 ad
673 2200 809 2236 monasterium

21 2258 111 2293 accedere
124 2260 194 2304 posset.
208 2258 247 2294 Sub
262 2258 362 2302 Gauzlino,
376 2259 464 2295 Abbonis
477 2270 594 2303 successore,
607 2270 623 2295 a.
638 2261 684 2296 1008
700 2259 737 2295 hoc
755 2260 810 2305 privi-

22 2317 92 2363 legium
105 2318 129 2353 ab
143 2318 234 2363 episcopo
248 2318 381 2364 impugnatum
395 2321 429 2363 est,
442 2319 495 2364 quod
509 2319 527 2354 in
542 2319 584 2354 Vita
597 2319 624 2354 sic
637 2321 732 2355 narratur:

69 2377 82 2412 l.
96 2379 123 2412 12.
144 2377 219 2413 Interim
234 2378 312 2413 humani
328 2378 403 2424 generis
420 2378 514 2422 inimicus,
532 2378 572 2424 ejus
590 2378 686 2424 prosperis
703 2379 810 2415 condolens

22 2436 148 2482 successibus,
162 2437 285 2482 fulchonem,
298 2438 394 2482 presulem
407 2437 549 2474 Aurelianensis
562 2438 661 2484 episcopii,
677 2449 711 2474 sue
726 2438 810 2489 nequitie

21 2506 95 2531 veneno
109 2495 174 2539 inlicit3
188 2497 269 2541 astuque
282 2507 316 2532 sue
329 2496 400 2532 iraudis
414 2497 504 2543 suggerit,
518 2497 544 2533 uti
557 2498 581 2533 ab
595 2497 627 2533 illo
644 2499 735 2543 repeteret
749 2498 810 2533 domi-

22 2555 74 2591 nium
87 2556 171 2592 indebite
184 2555 313 2601 subjectionis¹
324 2557 388 2602 thue
397 2557 514 2601 imminente,
524 2557 581 2602 patris
590 2557 687 2593 Benedicti
701 2557 811 2602 sollempni-

22 2615 58 2650 tate
67 2615 91 2650 ad
102 2615 207 2651 floriacum
217 2616 293 2660 veniret,
303 2616 376 2662 absque
385 2616 435 2664 illius
444 2616 575 2662 permissione,
589 2616 642 2662 quod
652 2619 728 2653 cautum
737 2618 811 2652 tenetur

22 2675 121 2719 apostolici
135 2675 226 2721 privilegii
240 2675 343 2719 sanctione,
357 2676 457 2712 suadendo
471 2676 534 2723 coegit
547 2678 565 2712 et
578 2676 653 2713 eliicere
666 2676 714 2713 tecit.
728 2677 772 2719 Que
782 2687 811 2713 res
