1975 3157
145 132 156 168 o
471 141 614 170 inrnooucrro

200 260 325 310 Exemplum
341 260 428 309 praebet
442 273 461 301 a.
479 262 529 300 1025
544 261 634 310 epistola
650 238 758 301 l²ulberti5
773 261 867 310 episcopi
883 261 933 302 Car·

146 326 241 366 notensis
255 324 281 365 ad
297 325 425 367 Richardum
441 325 539 366 abbatem
555 325 575 367 S.
587 325 864 367 NtedardiSuessionensis:
883 326 934 366 «Di
985 341 988 373 r

146 391 199 431 citur
214 391 240 431 de
255 391 316 431 vobis
331 391 390 440 quod
405 391 425 431 in
441 391 515 431 eadem
531 391 608 432 violata
624 389 676 438 (scil.
694 404 731 440 per
746 390 842 438 caedem)
867 392 933 432 eccle·

146 457 176 496 sia
191 457 236 496 sine
251 456 367 505 episcopali
382 457 555 497 reconciliatione
570 457 617 497 Deo
631 457 750 498 sacrificare
773 458 933 506 praesumitis».

146 522 184 562 Vel
200 521 289 571 epistola
310 519 430 562 Manassis⁶
452 523 547 572 episcopi
572 521 733 564 Cameracensis
758 521 891 569 (1095-1103)
907 523 934 563 ad

147 586 281 628 lambertum
297 599 331 636 ep.
347 586 506 628 Atrebatensem
523 586 615 634 tllrrasl:
626 587 743 629 «Amorem
752 590 773 628 et
781 587 932 629 fraternitatem

146 655 204 692 tuam
219 653 330 702 deprecor,
347 655 451 702 quatenus
465 653 636 693 benedictionem
653 654 789 694 ecclesiarum
805 656 825 694 et
840 654 935 694 reconci-

147 718 255 758 liationem
272 730 309 766 per
324 721 456 767 praesentem
472 718 564 767 legatum
587 718 638 758 mihi
662 720 739 759 mittas.
763 719 809 768 Ego
832 719 888 759 enim
905 719 934 759 in-

147 784 208 824 stanti
224 784 258 824 die
273 783 381 823 dominica
396 783 435 823 Dei
451 787 556 824 annuente
571 784 801 824 clementiaecclesiam
811 796 935 824 consecrare

148 849 251 897 disposui,
268 851 288 889 et
303 851 325 889 ut
339 850 420 889 amicus
435 848 461 889 ab
476 850 545 889 amico
565 849 638 889 otiicio
660 852 734 890 nostro
756 850 874 890 necessaria
889 862 900 889 a
915 852 935 890 te

148 926 249 963 quaerere
263 926 307 954 non
323 914 441 954 dubitavi».

202 979 261 1020 tlaec
276 980 379 1029 principia
394 980 414 1019 in
432 980 605 1029 interpretatione
627 982 721 1020 textuum
745 981 815 1020 iuvare
838 982 934 1029 possunt.

202 1045 336 1085 Documenta
351 1044 414 1085 huius
428 1044 560 1085 collectionis
575 1057 618 1085 non
634 1045 751 1085 secundum
763 1046 860 1085 ordinem
871 1048 936 1094 syste-

149 1111 248 1150 maticum
265 1112 421 1160 proponuntur,
437 1110 543 1159 quiahoc
563 1111 604 1150 iam
627 1111 822 1159 interpretationem
844 1110 935 1151 fontium

148 1178 286 1225 supponeret,
303 1175 323 1215 id
339 1175 397 1224 quod
413 1176 507 1225 praecise
521 1175 548 1215 ab
563 1175 696 1216 auditoribus
711 1176 731 1215 in
751 1175 936 1216 exercitationibus

149 1241 270 1281 iaciendum
285 1243 324 1281 est.
341 1241 369 1281 Ut
388 1243 458 1281 tamen
481 1240 551 1290 aliqua
572 1241 646 1281 saltem
669 1241 803 1281 classiiicatio
826 1240 935 1289 habeatur,

149 1306 218 1346 tontes
232 1306 263 1346 sic
277 1306 407 1346 dividuntur.

230 1372 245 1411 l.
261 1371 387 1420 Scriptores,
404 1370 511 1419 Epistolae

230 1437 255 1477 ll.
274 1436 363 1476 Decreta
373 1436 505 1485 synodorum

231 1502 265 1541 lll.
282 1501 371 1542 Decreta
387 1502 532 1543 Romanorum
549 1501 685 1542 Pontificum.

204 1567 233 1607 Ex
249 1566 365 1607 rationibus
380 1567 477 1616 practicis
493 1568 560 1615 prima
576 1579 624 1616 pars
639 1567 701 1616 hujus
716 1568 856 1615 collectionis,
872 1580 936 1617 quam
982 1608 983 1612 ,

150 1645 205 1673 nunc
221 1630 307 1678 (Textus
321 1634 342 1672 at
354 1632 493 1680 Documenta,
505 1644 546 1672 ser.
560 1632 656 1681 theolog.
670 1635 694 1672 l2
704 1635 724 1673 et
736 1630 768 1678 13)
781 1633 838 1673 toras
853 1633 936 1680 damus,

150 1710 217 1746 usque
232 1697 258 1737 ad
273 1700 362 1737 aetatem
379 1697 449 1737 lvonis
464 1697 609 1744 Camotensis,
625 1698 747 1737 canonistae
762 1697 901 1744 celeberrimi,
918 1699 938 1738 et

151 1763 257 1803 Paschalis
273 1762 289 1802 ll
309 1762 419 1803 Pontinos
436 1763 567 1811 producitur.
590 1762 679 1802 lntentio
697 1763 784 1811 quidem
802 1765 846 1802 erat
863 1774 938 1803 omnes

150 1826 220 1868 tontes
234 1827 297 1868 liuius
312 1827 394 1876 periodi
410 1827 518 1877 colligere,
535 1828 562 1867 de
574 1827 633 1867 'iacto
648 1830 719 1867 tamen
735 1828 824 1867 nimium
842 1827 937 1868 laborem

151 1893 266 1943 postularet
276 1881 339 1933 talem
350 1893 499 1933 collectionem
515 1893 612 1933 absolute
627 1893 756 1941 completam
772 1893 868 1933 reddere.
881 1886 937 1933 Huc·
955 1909 958 1915 ¹

151 1970 217 2007 usque
232 1958 306 1999 saltem
322 1970 386 1998 nemo
401 1960 480 1998 tantam
495 1959 580 2008 copiam
597 1957 775 1998 documentorum
785 1958 811 1997 de
827 1958 938 1998 interdicto

115 2035 116 2038 ¹
150 2024 243 2073 collegit.
260 2023 316 2070 Quia
332 2023 410 2064 multae
425 2024 560 2072 quaestiones
576 2023 602 2063 de
617 2023 729 2063 interdicto
753 2023 892 2063 solummodo
908 2035 938 2063 re-

150 2089 261 2138 spiciendo
276 2100 352 2129 omnes
366 2088 436 2129 tontes
450 2089 503 2129 solvi
520 2090 617 2137 possunt,
633 2087 679 2128 talis
694 2088 792 2128 collectio
808 2099 851 2127 non
866 2100 938 2140 super-

150 2154 193 2194 flua
208 2165 254 2194 esse
272 2154 362 2194 videtur.

204 2219 275 2259 Altera
290 2231 338 2268 pars
352 2218 492 2266 collectionis,
504 2217 567 2267 quani
583 2231 641 2266 mox,
657 2219 686 2258 uti
702 2230 820 2266 speramus,
834 2219 853 2258 in
869 2218 938 2259 lucem

150 2296 224 2324 sumus
240 2281 323 2332 edituri,
340 2284 457 2325 continebit
471 2284 541 2324 tontes
558 2295 626 2333 usque
644 2284 670 2323 ad
689 2283 722 2323 lus
740 2283 890 2324 Decretalium.
909 2284 939 2323 Ex

119 2392 121 2397 ⁴
151 2350 190 2389 hac
204 2353 282 2389 tamem
299 2349 388 2399 periodo
403 2350 531 2389 documenta
546 2351 627 2389 tantum
642 2349 727 2396 selecta,
743 2360 798 2397 quae
813 2360 852 2398 pro
867 2349 939 2389 evolu-

151 2415 209 2455 tione
228 2415 332 2455 interdicti
353 2415 440 2455 maioris
459 2415 561 2455 momenti
582 2416 637 2461 sunt,
655 2415 746 2462 proponi
767 2416 873 2462 poterunt,
889 2414 939 2462 quia

151 2483 200 2529 post
214 2483 303 2520 aetatem
320 2481 390 2520 lvonis
405 2491 506 2520 numerus
521 2491 595 2520 eorum
610 2479 700 2518 nimium
716 2479 787 2519 crevit.

198 2619 206 2641 ⁵
219 2621 308 2671 Bouquet
321 2621 338 2656 Χ
350 2621 391 2657 474.

198 2679 206 2702 ⁶
220 2680 313 2724 Balnzius,
326 2680 451 2717 Miscellaneu
463 2680 479 2716 ll
494 2680 533 2716 141.
