1924 3132
287 183 379 213 DECRETA
393 182 443 213 Rom.
457 182 585 211 PONTlFICUM
809 175 830 210 13

45 303 166 349 interdicta;
185 303 382 343 excommunicatos
400 305 470 342 tamen
489 314 532 342 non
550 302 701 350 suscipiant...
722 301 831 342 Praeterea

45 372 118 409 notum
134 380 180 408 esse
195 369 294 408 volumus
309 371 393 408 sanctae
409 367 447 408 Dei
463 367 565 407 ecclesiae
575 367 682 414 fidelibus,
695 370 715 407 et
730 366 779 407 buic
794 379 831 407 no-

44 438 98 475 strae
114 434 271 474 confirmationi
282 433 447 480 adnectendum,
459 433 518 481 quod
533 432 678 472 Theodericus
694 426 832 473 Carnotensis

46 497 161 546 leartresl
173 500 295 548 episcopus,
307 499 327 537 in
338 498 398 546 cuius
409 498 501 538 dioecesi
516 498 662 547 supradictum
678 498 831 537 monasterium

47 564 202 606 Vindocinense
222 565 285 604 silum
305 564 407 611 noscitur,
427 562 544 603 Clementis
563 561 667 609 1101647)
687 576 754 613 papae
774 576 832 612 prae·

45 631 124 671 sentiae
138 641 198 669 suam
214 630 352 670 transmiserit
363 629 483 678 epistolam,
500 640 578 678 rogans
593 640 650 675 eum,
665 632 769 678 quatenus
787 640 832 668 mo-

46 695 159 736 nasterium
177 695 245 744 insum
264 695 294 734 sic
312 707 349 734 sua
367 695 480 735 roboretur
495 694 626 741 auctoritate,
643 696 665 734 ut
680 694 731 734 nulli
750 706 832 734 succes·

45 772 117 801 sorum
133 772 221 799 suorum
237 762 285 809 post
298 771 346 799 eum
360 772 393 800 res
406 760 469 808 buius
484 759 524 799 loci
540 759 622 799 auterre
637 760 669 799 vel
685 761 788 806 minuere,
800 759 832 799 vel

46 826 238 873 excommunicare,
254 825 298 865 sive
314 825 446 872 interdicere,
462 825 495 864 vel
513 827 639 873 potestatem
655 828 690 865 aut
705 825 833 865 dominatio·
865 842 867 846 ·

46 903 94 930 nem
111 891 130 930 in
147 891 193 939 ipso
209 891 257 930 loco
272 902 369 930 exercere
384 891 462 937 liceret,
479 902 516 930 seu
531 889 627 939 quolibet
645 891 711 930 modo
729 892 832 930 rectorem

46 956 86 995 loci
103 955 134 996 vel
150 955 224 996 iratres
239 956 355 1004 inquietare
373 956 456 1002 audeat,
473 956 531 1004 quod
550 956 642 1004 benigne
660 955 761 996 Clemens
780 967 833 1004 pana

47 1022 126 1068 annuit,
138 1023 158 1060 et
173 1033 212 1061 nos
227 1023 299 1061 nostra
314 1022 438 1061 auctoritate
453 1021 542 1070 dignum
558 1033 651 1061 annuere
666 1021 796 1061 censuimus.

101 1096 130 1132 ΡΙ.
145 1097 184 1140 143,
198 1097 253 1139 l354;
269 1096 290 1131 lL
303 1097 356 1132 4458.

423 1224 477 1266 103.

103 1323 160 1370 1061,
176 1323 226 1363 Μαί
239 1324 272 1371 16,
288 1323 391 1362 Nieeleus
402 1323 423 1362 ΙΙ
431 1324 559 1363 rnorresterr'o
569 1323 717 1364 Aurelieeensi
727 1321 835 1371 (Aurillue

47 1388 112 1428 dioec.
130 1383 255 1435 Clermont).

102 1477 217 1517 Statuimus
232 1478 294 1517 etiam
310 1477 359 1524 lroc,
375 1481 398 1517 ut
413 1478 495 1517 nullus'
505 1479 656 1527 episcoporum
679 1479 751 1527 aliquo
774 1479 835 1519 titulo

48 1542 124 1582 babeat
145 1542 251 1582 licentiam
273 1543 472 1582 excommunicandi
489 1544 558 1593 ipsum
574 1543 644 1583 locum
661 1547 696 1584 aut
711 1544 774 1584 cellas
796 1544 834 1584 sibi

48 1608 160 1655 subjectas,
177 1608 256 1648 scilicet
271 1607 292 1648 S.
308 1608 387 1660 Mariae
405 1608 524 1657 Soliaco...,
536 1637 538 1642 s
548 1611 630 1659 praeter
653 1621 729 1659 papam
752 1612 835 1650 sanctae

49 1673 156 1715 Romanae
172 1674 299 1713 ecclesiae...

96 1746 298 1793 Pflrrgla·Harttungl
312 1749 334 1783 35
348 1759 374 1784 nr.
388 1748 416 1792 36,
430 1748 462 1784 ubi
472 1745 521 1784 circa
534 1749 669 1794 genuinitatem
683 1750 793 1785 documenti
802 1750 836 1785 du·

49 1806 80 1842 bia
97 1809 206 1850 moventur3
221 1807 243 1842 ll.
255 1807 312 1849 44673
326 1807 348 1843 61.
362 1808 481 1853 privilegium
501 1808 604 1844 Alexandri
619 1809 633 1843 ll
648 1819 663 1844 a.
679 1809 729 1852 1068,
749 1809 788 1844 lltai
809 1811 836 1853 l4,

49 1866 101 1911 quod
115 1865 187 1901 eisdem
201 1866 263 1902 verbis
276 1867 393 1911 conceditur,
407 1866 449 1902 vide
463 1867 515 1903 intra.

424 2007 479 2048 104.

105 2104 163 2151 1062,
179 2105 231 2145 Dec.
246 2106 283 2145 27.
299 2104 421 2144 Alexander
433 2105 456 2144 ΙΙ
467 2105 548 2145 Bonieo
568 2105 642 2151 abbati
662 2106 786 2147 monosterii
799 2107 837 2147 Be-

49 2170 150 2211 nedictio.
166 2169 188 2210 S.
205 2170 276 2210 Severi
289 2170 311 2209 in
328 2169 403 2210 Classe
417 2166 546 2219 (Ravenna).

104 2258 159 2300 Cum
175 2262 245 2299 autem
261 2260 359 2308 generale
375 2259 508 2300 interdictum
524 2263 591 2300 terrae
606 2261 675 2308 tuerit¹
693 2262 753 2301 liceat
768 2262 836 2309 vobis,

51 2326 127 2365 clausis
141 2326 217 2374 januis,
233 2337 276 2365 non
292 2326 380 2374 pulsatis
390 2327 507 2374 campanis,
519 2327 608 2366 exclusis
619 2328 808 2368 excommunicatis
819 2331 839 2367 et

51 2390 174 2437 interdictis,
192 2402 306 2440 suppressa
322 2403 382 2438 voce,
399 2391 469 2431 divina
485 2392 556 2432 otlicia
571 2392 685 2432 celebrare.
704 2393 837 2441 Sepulturam

52 2459 159 2504 praeterea
174 2457 240 2505 ipsius
255 2457 295 2496 loci
311 2456 398 2496 liberam
421 2468 467 2496 esse
489 2457 630 2504 decernimus,
648 2461 758 2498 uteorum
775 2459 839 2498 devo-

51 2522 103 2561 tioni
119 2524 138 2561 et
153 2525 258 2562 extremae
280 2522 390 2569 voluntati,
411 2523 447 2570 qui
463 2534 485 2562 se
501 2523 542 2562 illic
561 2523 645 2571 sepeliri
668 2524 837 2571 deliberaverint,

51 2588 90 2627 nisi
106 2588 159 2627 torte
177 2588 354 2627 excommunicati
370 2588 402 2627 vel
418 2588 522 2641 interdicti
533 2589 581 2635 sint,
594 2589 664 2628 nullus
674 2589 770 2636 obsistat,
782 2590 839 2629 salva

51 2655 121 2693 tamen
143 2653 221 2701 justitia
244 2652 397 2702 parochialium
420 2653 564 2701 ecclesiarum,
581 2654 685 2702 aquibus
705 2657 838 2694 mortuorum

52 2730 142 2768 corpora
157 2722 301 2759 assumuntur.
