1975 3157
132 178 155 212 22
379 184 471 214 oecnern
485 179 537 214 reon
550 184 676 213 ronrrrrcun

132 302 267 344 deheremus.
283 303 324 343 Sed
339 304 441 352 quoniam
453 304 554 344 anteactis
569 303 644 343 diebus
660 315 697 352 per
711 302 836 342 familiarem
847 313 918 349 suum,

133 368 285 409 cubicularium
301 369 399 409 videlicet
414 368 535 409 hibericum
555 369 581 409 ad
600 369 665 409 nostri
684 379 794 408 censuram
813 367 884 407 iudicii
900 369 920 407 et

132 436 196 475 vitam
215 436 321 484 corrigere
339 438 360 475 et
377 436 477 475 ecclesias
496 435 595 475 ordinare
614 435 703 475 tirmiter
720 434 783 475 nobis
801 434 918 484 respondit,

133 501 225 557 rigorem
241 502 367 541 canonicum
380 501 462 541 interim
474 513 571 541 exercere
584 501 712 541 distulimus.
729 501 798 540 Huius
809 512 861 549 ergo
872 512 919 549 pro·

133 557 241 606 missionis
254 566 320 606 tidem
336 567 357 605 in
372 566 535 606 matisconensis
552 565 640 606 ecclesia
658 567 748 615 pastoris
765 566 869 614 regimine
884 565 920 605 diu

133 632 227 672 desolata
242 634 262 672 et
277 632 303 671 ad
318 632 407 671 nihilum
424 623 478 681 pene
493 632 576 671 redacta
592 632 612 670 in
628 632 702 680 primis
712 631 811 671 volumus
821 631 919 680 experiri,

133 700 155 737 ut
170 697 249 737 scilicet
264 696 481 746 Augustudunensem
499 697 672 737 archidiaconum
691 696 778 744 (hutun,
798 695 920 742 Landricusl

133 763 226 802 unanimi
245 763 294 802 cleri
313 765 333 803 et
351 763 425 812 populi
443 774 557 809 consensu,
577 763 643 812 ipsius
661 764 732 810 etiam,
751 765 774 802 ut
791 762 919 809 audivimus,

133 828 189 876 regis
204 839 290 868 assensu
303 828 394 868 electum
405 828 541 878 episcopatus
552 829 610 868 dono
621 829 693 877 gratis,
705 831 727 868 ut
738 829 805 875 decet,
817 839 920 868 concesso

133 893 221 933 ecclesie
240 893 312 942 pretici
331 895 429 942 patiatur.
449 893 515 940 Quod
535 894 551 933 si
570 894 639 934 tacere
660 894 758 940 noluerit,
779 893 921 933 indubitanter

133 960 216 999 noverit
230 971 270 999 nos
285 958 339 999 hanc
354 959 442 999 ecclesie
457 959 539 999 ruinam
550 971 684 1009 nequaquam
701 959 780 999 diutius
794 958 921 999 toleraturos
978 960 981 967 '

133 1027 153 1064 et
171 1036 196 1063 ex
214 1025 338 1065 auctoritate
357 1025 468 1065 beatorum
489 1025 636 1074 apostolorum
656 1025 710 1065 Petri
729 1028 749 1065 et
767 1024 825 1064 Pauli
846 1025 919 1064 duram

133 1089 277 1130 inobedientie
288 1091 444 1130 contumaciam
456 1092 558 1131 canonica
568 1091 693 1131 auctoritate
703 1090 856 1130 cohercituros.
865 1090 920 1129 Nam

133 1157 168 1195 aut
183 1168 219 1196 rex
234 1156 279 1205 ipse
294 1156 406 1205 repudiato
421 1157 476 1205 turpi
492 1157 614 1205 symoniace
630 1156 709 1196 heresis
720 1156 860 1196 mercimonio
873 1155 921 1196 ido-

133 1232 184 1260 neas
194 1220 220 1260 ad
231 1233 314 1261 sacrum
325 1222 421 1270 regimen
432 1233 535 1270 personas
545 1222 666 1270 promoveri
680 1222 793 1270 permittet,
803 1223 839 1261 aut
848 1221 920 1261 Franci

124 1292 172 1335 'pro
193 1289 258 1334 certo,
278 1287 316 1327 nisi
337 1287 402 1327 tidem
424 1286 558 1328 christianam
579 1286 662 1327 abicere
681 1287 922 1335 maluerint,.generalis

134 1352 273 1392 anathematis
296 1364 398 1392 mucrone
420 1354 513 1402 percussi
537 1353 565 1392 illi
588 1352 675 1393 ulterius
696 1352 844 1401 obtemperare
864 1364 921 1392 recu·

133 1416 217 1457 sabunt.

188 1483 234 1522 Hec
245 1484 301 1531 ideo,
313 1484 377 1523 trater
387 1483 503 1530 karissime,
515 1484 623 1533 vigilantie
635 1487 670 1524 tue
681 1485 778 1523 intimare
793 1484 920 1530 curavimus,

134 1549 233 1598 quatinus
251 1561 275 1589 ea
294 1549 389 1598 predicto
409 1550 452 1598 regi
474 1550 580 1589 insinuare
598 1552 618 1589 et
636 1549 768 1590 exhortando
787 1543 810 1589 et
825 1550 922 1599 rogando

134 1614 247 1662 modisque
268 1614 368 1655 omnibus
388 1615 493 1655 inculcare
512 1615 602 1662 studeat,
624 1618 646 1655 ut
663 1618 683 1655 et
701 1615 803 1663 pretatam
823 1615 922 1655 Matisco-

134 1692 221 1719 nensem
237 1681 331 1729 aliasque
346 1681 445 1721 ecclesias
460 1682 562 1721 canonice
577 1681 680 1721 concedat
695 1681 795 1721 ordinari.
807 1680 854 1720 Tibi
870 1692 922 1729 ergo

134 1746 225 1784 maxime
241 1745 280 1786 hec
295 1746 374 1786 idcirco
390 1747 529 1795 iniungimus,
540 1747 590 1795 quia
601 1746 734 1795 prudentiam
748 1748 806 1786 tuam
822 1757 921 1794 magnam

134 1822 180 1850 esse
198 1813 218 1851 et
236 1812 294 1861 regia
312 1812 452 1852 familiaritate
471 1812 499 1851 uti
518 1812 668 1861 cognovimus.
688 1812 708 1852 Si
727 1824 769 1861 qua
786 1814 864 1858 autem,
881 1824 922 1860 que

135 1876 224 1916 dicenda
239 1879 328 1924 etanta
344 1876 406 1917 nobis
421 1879 555 1926 pretermissa
570 1881 626 1925 sunt,
638 1878 677 1917 hec
693 1878 771 1927 ingenii
787 1878 816 1917 tui
833 1889 921 1918 acumen

134 1942 237 1991 iniungat.
254 1943 326 1991 ltaque
342 1943 362 1982 in
378 1942 417 1983 hac
435 1943 584 1991 prosecutione
602 1943 682 1991 labora,
699 1946 720 1982 ut
738 1945 758 1983 et
776 1943 814 1983 Dei
833 1944 921 1992 gratiam

134 2010 154 2047 et
169 2009 263 2047 nostram
279 2007 443 2048 benivolentiam
461 2010 609 2057 promerearis.

188 2082 256 2128 mort
270 2083 328 2128 Epist.
341 2084 374 2120 sel.
387 2084 443 2120 Tom.
459 2084 473 2119 ll
489 2084 540 2119 Fasc.
550 2084 562 2127 l,
577 2084 668 2130 Gregorii
682 2084 718 2120 Vl!
730 2084 844 2130 Registrurn,
860 2083 916 2120 Lihl

134 2142 157 2177 35
170 2152 213 2187 pag.
227 2143 269 2187 sos,
283 2143 312 2178 ed.
325 2143 347 2178 E.
362 2142 443 2188 Caspor,
457 2144 512 2186 raam
526 2143 555 2178 Il.
567 2144 620 2179 4807.
630 2165 652 2169 -
667 2144 686 2179 ln
700 2144 824 2189 sequentibus
837 2144 899 2179 textus
913 2153 923 2178 e

136 2201 181 2246 Reg.
195 2201 253 2247 Greg.
266 2212 342 2247 semper
354 2212 392 2238 sec.
405 2202 509 2238 editionem
523 2203 596 2249 Caspar
608 2203 716 2239 referentur.

510 2338 564 2379 123.

191 2437 249 2483 1074,
264 2437 335 2476 Mart.
354 2437 391 2476 22,
412 2436 529 2486 Gregorius
551 2437 589 2477 Vll
604 2437 699 2478 froterio
718 2428 814 2487 episcopo
831 2438 923 2478 Nemau-

134 2502 194 2541 sensi
208 2498 310 2549 (Nimes).

189 2591 316 2631 Audivimus
335 2592 386 2631 olim
407 2593 472 2632 nostri
495 2595 592 2641 tempore
615 2593 771 2642 predecessoris
790 2605 837 2633 ven.
857 2606 921 2633 mem.

135 2656 248 2696 Alexandri
264 2659 284 2696 te
299 2660 372 2697 contra
386 2658 487 2706 justitiam
504 2659 656 2698 monasterium
672 2658 693 2699 S.
707 2659 775 2707 Egidii
787 2658 922 2707 <St-Gillesl,

169 2721 265 2762 attecisse
281 2723 387 2772 injuriis...
404 2722 550 2764 Nihilominus
564 2736 651 2773 quoque
666 2724 729 2764 nobis
744 2724 848 2774 displicet,
865 2725 923 2775 quod
