1975 3157
365 202 457 232 Dficnfira
472 203 521 232 ROM.
536 202 665 233 RONTIFlCUhl

495 366 534 407 87.

173 470 220 517 999,
236 470 290 510 Νον.
301 471 338 510 23.
354 469 458 519 Splucster
470 469 492 508 Il
506 469 622 509 suentana
632 470 730 519 episcopo
740 470 847 510 Ecclesiae
861 471 907 510 Vul-
971 460 976 499 ἒ

121 535 213 575 lunensis
229 533 336 581 (Anicium
355 534 484 583 Vclurarum,
500 533 563 584 Pup).

175 623 281 671 Quotiens
296 624 431 673 quaestiones
446 636 471 663 ex
486 624 576 664 adverso
591 624 695 672 oriuntur,
710 627 795 673 oportet
810 627 832 664 ut
846 636 908 673 syno-
973 624 976 628 '

121 690 162 730 dali
182 690 274 729 concilio
296 690 345 729 finis
366 692 486 738 quaeratur,
508 692 528 729 et
547 689 664 730 secundum
687 690 810 739 synodalem
834 690 908 730 delini·

121 757 209 802 tionem,
226 756 284 804 quod
300 758 400 795 statutum
416 755 478 794 tuerit
493 755 613 804 impleatur.
632 754 746 802 Quocirca,
763 757 812 805 quia
827 759 909 796 constat
972 747 976 799 ἶ

122 833 146 860 ex
166 821 258 869 generali
278 821 361 869 synodo
384 820 454 859 hahita
475 821 562 867 Romae,
584 820 714 869 Stephanum
735 824 783 861 tuae
803 821 909 861 Ecclesiae
973 813 976 868 ξ

122 887 242 926 invasorem
260 898 271 926 a
289 886 452 935 praedecessore
472 888 545 925 nostro
561 885 669 934 Gregorio
686 886 705 926 V
721 886 766 933 iure
785 887 908 926 damnatum

122 954 142 992 et
157 951 183 990 ab
199 952 257 991 omni
273 951 397 991 sacerdotali
414 951 487 991 officio
503 951 632 1000 depositum,
645 951 703 1000 quod
714 951 816 991 Guidone
827 952 910 992 vivente
974 970 977 999 3

122 1018 225 1066 episcopo
236 1017 341 1057 avunculo
356 1021 376 1057 et
391 1016 555 1065 praedecessore
570 1027 609 1056 suo
624 1017 651 1056 sit
666 1017 752 1064 electus,
764 1018 809 1057 sine
825 1017 874 1056 cleri
890 1020 910 1057 et
974 1037 977 1066 ὲ

123 1082 196 1131 populi
208 1083 323 1129 voluntate,
335 1085 377 1122 eta
388 1081 516 1130 quibusdam
532 1085 613 1122 tantum
626 1083 732 1131 episcopis
748 1083 768 1122 in
783 1083 908 1131 episcopum
973 1077 976 1106 ῗ

123 1150 171 1197 post
186 1147 231 1195 ejus
245 1150 336 1187 mortem
352 1149 378 1187 sit
393 1147 510 1194 ordinatus,
522 1151 542 1187 et
555 1149 604 1196 quia
620 1148 640 1186 in
656 1159 680 1187 ea
694 1148 778 1196 synodo
793 1148 874 1187 clericis
889 1149 909 1187 in
975 1161 977 1164 ·

122 1213 241 1254 Vallavensi
257 1214 345 1253 ecclesia
360 1213 407 1253 Deo
422 1213 581 1260 famulantibus,
593 1213 677 1253 licentia
688 1213 751 1252 alium
763 1213 855 1262 eligendi
867 1214 909 1262 epi-

122 1290 212 1327 scopum
224 1280 282 1327 prius
292 1290 400 1325 concessa,
413 1279 520 1318 decretum
532 1281 570 1326 est,
583 1281 689 1318 uteorum
701 1279 779 1318 electus
790 1291 801 1318 a
813 1279 909 1320 Romano
976 1319 977 1325 ,

123 1344 224 1393 pontifice
240 1345 260 1383 in
276 1345 401 1393 episcopum
413 1344 553 1390 ordinaretur,
566 1347 585 1384 et
596 1356 644 1383 cum
655 1347 675 1383 te
686 1344 712 1384 ab
723 1345 803 1383 eisdem
819 1344 909 1383 electum

124 1410 268 1456 didicerimus,
280 1410 329 1449 ideo
345 1421 419 1449 eorum
435 1409 532 1449 electioni
548 1410 631 1449 favente
646 1410 770 1449 auctoritate
785 1409 909 1458 apostolica,

123 1478 143 1515 te
154 1475 174 1514 in
185 1476 311 1523 episcopum
322 1475 454 1521 ordinamus,
466 1477 529 1524 atque
541 1475 639 1524 pastorali
651 1475 793 1515 sollicitudine
808 1478 835 1521 te,
848 1474 911 1514 trater
976 1483 978 1534 j

123 1541 253 1587 charissime,
273 1540 383 1580 hortamur
401 1542 423 1579 ut
440 1540 519 1580 sollerti
539 1553 589 1580 cura
609 1552 696 1589 gregem
715 1540 751 1580 tibi
771 1540 909 1580 commissum
968 1537 978 1584 ,ἶ

123 1605 231 1645 custodias
245 1606 381 1654 temetipsum
397 1606 427 1644 sic
442 1606 462 1644 in
477 1605 540 1645 honis
556 1605 657 1654 operibus
673 1605 781 1654 disponas,
794 1608 842 1652 etc,
857 1608 879 1644 ut
893 1606 909 1644 si

124 1672 171 1720 quis
186 1671 300 1720 episcopus
310 1674 330 1710 te
341 1671 373 1710 vel
384 1673 443 1709 tuum
455 1671 526 1710 locum
538 1683 590 1710 ausu
600 1671 713 1710 temerario
726 1671 910 1710 excommunicare
975 1700 977 1703 -

124 1737 289 1787 praesumpserit
304 1739 339 1776 aut
354 1735 493 1776 anathematis
508 1736 593 1776 vinculo
608 1736 688 1776 irretire
703 1737 820 1783 tentaverit,
837 1739 910 1775 nostro
975 1727 977 1766 Ῐ

123 1802 189 1843 fretus
204 1803 322 1842 munimine
337 1803 405 1852 ipsam
421 1802 665 1842 excommunicationem
681 1802 829 1851 parvipendas.

179 1868 244 1918 daria
259 1882 328 1919 curre.
342 1884 357 1919 n
371 1883 415 1925 226;
430 1883 459 1918 nc
474 1884 513 1927 rao,
527 1884 570 1926 nu
585 1882 607 1918 rr
620 1882 672 1918 sano.

498 2024 537 2065 83.

180 2130 238 2176 1000,
253 2130 308 2169 Νον.
324 2125 425 2187 Silvester
438 2129 460 2168 ΙΙ
474 2129 552 2168 Emeno
570 2128 644 2168 aaran?
660 2130 784 2169 moruusierii
803 2128 829 2170 Ο.
846 2128 868 2169 S.
884 2129 910 2168 B.

124 2194 227 2234 Dolensis
242 2193 333 2240 (De‘olst.
856 2218 857 2221 =

179 2283 201 2322 ln
217 2286 297 2322 tantum
314 2284 376 2323 etiam
393 2285 415 2322 ut
429 2283 446 2322 si
462 2283 575 2332 contigerit
589 2284 658 2322 totum
673 2283 820 2332 episcopatum
837 2282 911 2322 Bituri-

125 2360 209 2388 censem
226 2347 347 2397 (Bourges),
364 2349 384 2388 in
400 2347 459 2396 cujus
478 2348 588 2397 parrochia
607 2347 658 2387 illud
676 2348 759 2387 videtur
776 2359 821 2388 esse
839 2359 912 2387 mona-

124 2414 211 2454 sterium
226 2413 350 2462 jamdictum
362 2425 410 2454 cum
421 2413 530 2453 adiacente
541 2414 593 2453 cella
603 2413 731 2453 Vodolionis
745 2411 863 2459 (Voullionl
875 2425 911 2452 no·
974 2446 975 2449 ,

125 2481 189 2527 mine,
209 2480 332 2520 necessitate
351 2482 441 2529 cogente
459 2479 485 2519 ab
504 2479 580 2519 eodem
601 2480 703 2528 episcopo
724 2479 910 2525 excommunicari,
973 2479 975 2533 ᾗ

125 2548 200 2586 cuncta
215 2546 343 2585 monasteria
358 2545 390 2585 vel
404 2556 479 2585 omnes
490 2545 578 2585 ecclesie
589 2545 658 2584 eidem
670 2545 718 2585 loco
728 2545 813 2585 subdite
828 2556 911 2584 omnes·

125 2623 166 2661 que
182 2611 280 2651 monachi
296 2616 344 2651 curn
363 2610 464 2651 omnibus
482 2610 572 2651 subditis
591 2611 696 2650 immunes
711 2623 722 2650 a
737 2623 775 2650 sua
790 2622 912 2650 excommu-

125 2677 230 2716 nicatione
246 2680 344 2716 maneant
359 2688 443 2725 semper
458 2679 478 2716 et
493 2688 541 2715 cum
560 2675 660 2716 omnibus
677 2677 743 2715 servis
758 2680 778 2716 et
792 2676 873 2715 ancillis
888 2687 912 2715 ac

125 2742 255 2793 quotidianis
265 2742 405 2782 servientibus
420 2742 515 2781 eiusdem
531 2742 580 2782 loci.
591 2742 702 2790 liceatque
717 2742 758 2781 illic
774 2741 868 2781 Domino
883 2740 912 2781 fa·
