1924 3132
306 167 435 207 scarriones,
449 166 560 194 epistotae

416 307 455 360 56.

1 445 4 449 ἢ
93 412 111 438 c.
130 398 187 437 1100.
203 396 318 436 Manassis
333 395 503 444 archiepiscopus
518 395 629 440 Remorum
644 396 753 435 Lamberto
766 394 826 434 Atre·

1 474 6 513 4
42 463 156 508 boiensiam
172 461 275 510 episcopo.

93 546 149 593 Quia
163 544 274 585 confratris
290 545 354 585 nostri
367 546 386 584 et
397 545 519 594 coepiscopi
535 545 633 585 Manasse
648 542 825 590 (Cameracensisl

4 603 10 613 ⁴
0 623 112 671 preces
123 622 165 651 non
177 609 276 650 desinunt
286 609 424 659 lacrymosae,
434 622 503 658 neque
513 622 553 650 nos
564 610 692 656 desistimus
702 609 739 650 sed
751 621 790 658 pro
801 621 827 649 eo

4 727 7 732 p
43 692 78 720 vos
99 676 198 717 cordeet
213 687 250 715 ore
270 676 436 725 interpellamus
453 688 571 724 precamur
588 676 734 725 commotique
753 675 827 715 dolore

42 747 79 786 lrat
80 754 142 783 ernae
157 740 295 781 desolationis
310 741 416 781 caritative
431 753 603 787 commonemus,
615 754 641 781 ne
656 740 737 782 sicuti
732 752 774 788 ram
790 753 826 781 vo-

42 812 73 852 bis
87 808 198 848 mandasse
222 807 329 847 credimus
344 810 420 847 terram
437 807 565 847 Comitissae
581 807 686 847 Montium
703 807 827 847 interdicere

0 911 6 934 μ
42 874 148 920 differatis,
160 872 198 912 sed
209 873 235 912 ad
246 872 350 912 honorem
363 872 402 912 Dei
414 873 471 922 quod
483 874 545 913 vestri
560 872 612 920 juris
622 876 653 913 est
668 873 713 912 sine
727 872 828 912 dilatione

42 1071 140 1118 deinceps
160 1068 299 1109 Cameracum
321 1069 404 1116 intrent,
428 1081 467 1109 nec
487 1069 530 1109 ullo
551 1068 617 1110 modo
640 1069 829 1109 excommunicatis

42 1135 206 1180 communicent,
225 1146 294 1183 neque
311 1134 381 1183 aliqua
398 1134 506 1183 colloquia
523 1147 571 1175 cum
590 1134 713 1175 Gualclrero
728 1134 827 1174 habeant.

0 1228 5 1248 1
42 1200 149 1241 Multoties
164 1211 256 1248 namque
274 1199 329 1240 mala
346 1200 454 1249 colloquia
471 1199 541 1241 bonos
559 1212 630 1240 mores
645 1202 792 1249 corrumpunt,
809 1202 829 1239 et

42 1267 93 1307 sicut
109 1264 171 1305 nobis
186 1264 274 1305 relatum
286 1267 324 1313 est,
337 1266 408 1315 potius
420 1266 506 1305 incitant
521 1278 569 1306 eum
587 1266 606 1305 in
623 1257 679 1305 malo
695 1276 829 1314 perseverare

0 1317 4 1346 ⁵
42 1342 103 1380 quam
122 1332 222 1370 revocent
239 1330 265 1370 ab
283 1342 362 1371 errore.
382 1331 438 1380 Ergo
456 1332 508 1370 istos
525 1331 665 1379 corrigamus,
686 1343 712 1370 ne
733 1331 829 1378 coinqui-

43 1398 116 1436 nentur
131 1395 157 1435 ab
173 1395 262 1443 iniustis.
278 1395 359 1443 Valcte,
371 1396 500 1445 illorumque
511 1397 590 1443 altaria,
602 1397 637 1445 qui
654 1396 763 1436 Cameraci
780 1396 829 1436 resi-

0 1482 2 1504 2
43 1462 97 1508 dent,
113 1460 203 1501 firmiter
217 1461 279 1501 nobis
294 1462 390 1502 retinete.
406 1462 486 1503 Valete.
723 1470 725 1473 ·

88 1536 185 1579 Balazius,
200 1536 323 1572 Miscellanea
337 1537 352 1572 ll
368 1538 401 1572 145
414 1548 444 1582 ep.
458 1538 486 1572 58.

414 1666 453 1708 57.

96 1753 153 1793 1107.
161 1753 162 1757 ’
171 1753 227 1793 Galo
237 1754 348 1802 episcopus
358 1753 489 1793 Parisieasis
499 1754 571 1803 ejectis
581 1753 710 1793 monialibus
721 1753 829 1793 ecclesiam

43 1817 64 1857 S.
79 1817 147 1867 Eligii
160 1818 291 1859 Parisieusis
309 1816 446 1865 (Sabat-Emi)
465 1818 539 1859 abbati
555 1818 679 1859 monasterii
692 1819 830 1858 fossatensis

44 1882 69 1922 O.
81 1882 103 1923 S.
114 1883 140 1923 B.
157 1882 440 1930 (Saiui-Maar-le's-Fosse's)
459 1883 532 1924 tradit.

95 1959 183 2001 llludt
163 1964 183 2001 et
185 1961 225 2000 iam
242 1962 355 2010 praeterire
370 1960 479 2000 noluimus
492 1962 542 2009 quia
553 1962 652 2009 quotiens
663 1964 730 2001 mater
741 1960 830 2001 ecclesia

42 2024 141 2066 adivino
159 2025 233 2066 officio
253 2026 373 2073 cessaverit
393 2025 522 2066 coenobium
543 2025 564 2066 S.
582 2025 643 2075 Eligii
662 2038 686 2065 ex
705 2026 831 2098 necessitate

43 2100 122 2129 cessare
137 2093 157 2131 et
172 2093 241 2131 tacere
257 2091 373 2144 oportebit

95 2164 125 2200 PL
139 2165 177 2210 162,
191 2165 235 2216 7283
250 2158 312 2201 Gallia
325 2165 393 2202 Christ.
406 2166 446 2210 Vll,
460 2166 513 2201 lnstr.
526 2167 555 2201 42.

417 2289 455 2331 58.

97 2377 155 2416 1109
177 2375 253 2416 Cartul
221 2377 322 2416 1111νί11111
343 2389 399 2416 mou.
420 2377 442 2417 S.
463 2377 522 2416 Petri
542 2376 629 2417 Caruot.
615 2374 725 2424 t(Saint
716 2377 786 2417 1-Ρὲ11
806 2377 831 2416 da

45 2437 161 2489 Cbartres).
177 2442 333 2482 Mouasteriurn
348 2442 374 2482 ab
389 2441 567 2482 Ercuemuaiaot
558 2444 634 2482 terram
647 2442 730 2482 Lameri
744 2442 831 2482 Villaris

45 2516 103 2544 «nou
120 2506 167 2546 siue
182 2507 263 2556 grandi
278 2508 387 2556 pecunia»
403 2507 551 2557 acquisiverat.
570 2508 601 2547 Eo
620 2510 702 2547 mortuo
718 2508 768 2557 filii
786 2508 832 2547 eius

44 2567 97 2608 banc
111 2572 188 2612 terram
203 2572 333 2612 invaserunt.
352 2572 470 2612 Willelmus
485 2572 552 2613 abbas
567 2573 643 2621 refert:
887 2567 889 2570 ’

95 2647 141 2689 Nos
152 2652 222 2689 autem
233 2650 325 2698 Tampas
336 2651 417 2696 euntes
427 2649 508 2689 clericis
518 2652 538 2689 et
548 2648 665 2689 baronibus
674 2649 722 2690 ville
733 2648 830 2697 injuriam

44 2721 106 2758 quarn
122 2714 184 2755 nobis
200 2714 227 2755 illi
243 2713 349 2755 faciebant
362 2715 535 2762 monstravimus,
552 2717 572 2754 et
586 2715 645 2763 quod
660 2714 731 2755 villam
748 2726 832 2754 excom·
