1924 3132
317 169 445 204 scuu’roaes,
459 169 569 198 errsrocxe
814 161 836 195 27

7 299 9 303 ’
51 292 169 340 infrangere
184 291 299 337 conaverit,
316 290 536 330 excommunicatione
552 289 701 338 perpetualiter
709 288 837 337 dampnetur

3 323 10 393 l
50 361 69 399 et
84 356 177 396 bannum
194 356 359 396 ecclesiasticum
375 358 437 404 atque
453 356 535 404 regium
552 354 665 403 persolvat.
682 353 770 403 Signum
793 354 836 403 epi-

2 438 5 471 g
50 433 191 471 scoporum...
208 424 247 461 etc.

96 496 120 532 A.
133 496 204 540 Lesurt,
218 495 329 541 chronique
343 497 361 531 et
373 496 446 532 chartes
460 495 484 531 de
497 495 583 540 l'abhaye
596 495 620 530 de
634 494 768 531 Salui-Milu'el
774 492 836 538 (1909)

1 564 4 600 ς
51 558 95 600 11ος
110 555 213 592 Mcmoires
227 557 245 591 et
258 556 300 591 doc.
310 555 385 600 publies
394 566 428 601 par
437 556 454 590 la
464 565 503 591 soc.
513 557 549 590 nat.
559 555 593 590 des
602 554 717 600 antiquaires
727 554 750 588 de
761 554 836 596 france,

50 615 151 653 Mettensiu
163 616 193 652 Vl.

368 742 370 748 ¹
426 698 464 739 12.

104 794 158 835 Ante
166 796 213 835 972.
224 794 293 835 Codex
301 794 457 835 Bellovucensis
466 791 590 842 (Beuuuais)
599 794 705 835 ecclesiae.
716 795 753 834 Du
765 794 838 843 Congo
898 798 901 804 '

0 871 2 916 t
51 862 72 901 in
87 860 156 900 codice
169 861 313 909 manuscripto
328 860 484 900 Bellovncensis
499 860 597 900 ecclesiae
620 859 690 909 Cupit.
715 859 789 899 Caroli
803 860 835 899 M.

51 927 154 966 decretum
169 925 293 974 Hildegarii
307 926 400 975 episcopi
414 922 457 972 (ob.
474 922 528 973 972)
543 926 633 965 invenit:

0 997 1 1037 Ῑ
105 992 127 1030 ln
143 989 221 1031 Christi
238 991 325 1030 nomine
341 1003 382 1039 ego
398 991 535 1041 tlildegarius
550 991 664 1039 episcopus
682 990 838 1030 Bellovacensis

0 1052 1 1056 ’
51 1069 76 1097 ex
91 1058 149 1104 parte
165 1056 231 1095 Patris
246 1058 266 1096 et
282 1055 326 1095 Filii
349 1058 369 1095 et
390 1055 480 1104 Spiritus
502 1055 579 1102 Sancti¹
597 1059 616 1095 et
632 1068 656 1095 ex
671 1057 730 1104 parte
745 1055 766 1095 S.
783 1055 837 1095 Petri

51 1120 204 1170 Apostolorum
224 1121 332 1170 principis,
349 1123 369 1160 et
384 1133 408 1160 ex
423 1123 502 1161 nostra
513 1123 571 1169 parte
593 1121 804 1161 excommunicamus
818 1122 838 1159 et

52 1186 196 1226 interdicimus
211 1187 265 1226 hanc
281 1187 404 1233 Ecclesiam,
421 1189 441 1226 et
456 1198 532 1225 omnes
547 1186 653 1234 Capenas,
670 1186 696 1225 ad
712 1185 768 1225 illam
784 1186 838 1234 aspi-

52 1253 137 1298 cientes,
154 1255 176 1291 ut
191 1252 261 1291 nullus
276 1252 353 1292 lrabeat
368 1252 473 1292 licentiam
490 1252 529 1291 Dei
545 1252 706 1300 omnipotentis,
719 1254 739 1291 et
749 1251 770 1291 S.
783 1251 837 1291 Petri

51 1317 204 1366 Apostolorum
221 1318 332 1366 Principis,
348 1317 374 1357 ab
390 1317 429 1357 hac
444 1318 478 1357 die
493 1319 513 1357 in
529 1321 590 1357 antea
600 1318 687 1357 Missam
699 1319 790 1363 cantare,
800 1329 839 1356 nec

52 1382 131 1429 audire,
148 1394 187 1422 nec
203 1383 246 1422 ullo
262 1382 329 1423 modo
337 1383 432 1422 divinum
442 1383 538 1423 otticium
548 1383 673 1429 ministrare¹
686 1395 725 1422 nec
734 1382 838 1422 decimam

52 1448 91 1488 Dei
107 1449 260 1497 omnipotentis
276 1449 379 1497 accipere,
395 1449 434 1488 nisi
451 1460 488 1497 per
509 1451 603 1488 nostram
625 1448 742 1489 licentiam:
759 1450 779 1487 et
793 1448 839 1497 qui-

52 1516 144 1563 cumque
159 1517 232 1553 contra
247 1513 299 1554 haec
315 1514 434 1563 interdicta,
451 1518 486 1554 aut
500 1515 588 1554 Missam
604 1517 695 1561 cantare,
718 1513 751 1553 vel
766 1514 839 1553 audire

52 1579 84 1619 vel
100 1580 121 1619 in
137 1579 208 1628 aliquo
224 1579 272 1619 loco
291 1579 386 1619 divinum
409 1580 505 1619 oiticium
528 1580 654 1627 ministrare,
677 1582 712 1619 aut
734 1579 838 1619 decimam

53 1644 91 1684 Dei
107 1645 260 1694 omnipotentis
280 1646 375 1694 accipere
395 1646 567 1694 praesumpserit,
591 1658 616 1685 ex
631 1648 689 1693 parte
711 1645 750 1684 Dei
773 1644 840 1684 Patris

53 1710 207 1759 omnipotentis
222 1713 242 1749 et
257 1710 302 1749 Filii
318 1713 338 1750 et
360 1710 449 1760 Spiritus
471 1710 549 1758 Sancti,
575 1714 635 1751 etex
657 1714 715 1759 parte
737 1709 757 1750 S.
775 1710 838 1756 Petri,

53 1777 115 1824 atque
133 1774 258 1815 Sanctorum
281 1777 378 1815 omnium
393 1776 420 1815 sit
442 1776 645 1823 excommunicatus,
671 1778 691 1815 et
706 1775 838 1821 maledictus,

53 1842 72 1879 et
87 1852 98 1879 a
113 1841 221 1880 consortio
237 1839 407 1880 Christianorum
423 1843 554 1890 segregatus,
571 1844 591 1881 et
606 1853 617 1880 a
632 1840 741 1882 liminibus
755 1843 840 1880 sanctae

53 1906 125 1945 matris
141 1906 253 1953 Ecclesiae,
270 1905 305 1946 ubi
321 1906 345 1946 tit
360 1907 457 1946 remissio
473 1909 617 1955 peccatorum,
640 1908 756 1955 separatus,
780 1908 800 1945 et
814 1906 841 1945 sit

53 1970 164 2010 anathema
179 1971 301 2011 maranatha
323 1972 426 2019 usquein
448 1971 513 2011 linem
535 1971 613 2011 saeculi
636 1983 684 2011 cum
707 1970 797 2011 diabolis
819 1971 840 2009 in

54 2035 143 2075 interno.
160 2037 211 2083 fiat,
228 2036 271 2084 liat,
288 2036 331 2084 liat,
348 2036 424 2076 Amen.

99 2111 132 2146 Du
146 2110 218 2156 Curiga,
233 2111 352 2147 Glossarium
372 2112 395 2147 ad
409 2111 513 2157 Scriptores
536 2123 559 2147 m.
573 2114 591 2148 et
604 2112 636 2147 int.
658 2111 761 2147 Latinitatis
779 2110 840 2155 (Paris

40 2167 193 2217 ‘1733llomus
207 2170 237 2214 lli,
252 2171 297 2206 trau
311 2171 334 2206 ad
348 2182 364 2205 ν.
379 2171 512 2207 Interdictum:
532 2172 551 2206 in
565 2171 594 2206 ed.
616 2181 666 2206 nova
679 2169 740 2215 (1885)
762 2171 788 2206 lV
800 2171 840 2207 391.

430 2283 468 2324 13.

106 2376 153 2415 991.
169 2375 200 2415 Ex
215 2374 299 2415 archivo
314 2375 413 2416 ecclesiae
430 2376 562 2425 Urgellensis
578 2373 663 2426 (Urget,
679 2373 793 2425 Hispan).

108 2452 306 2493 Excommunicatio
321 2465 385 2502 quam
402 2452 456 2493 Salia
471 2454 586 2503 episcopus
602 2454 734 2503 Urgellensis
749 2454 841 2494 iecitad-

54 2528 126 2557 versus
142 2518 250 2558 invasores
265 2530 334 2558 rerum
351 2519 548 2559 ecclesiasticarum.

108 2583 218 2623 Universis
236 2585 343 2632 episcopis
366 2585 532 2633 circumquaque
555 2584 634 2634 ubique
656 2584 842 2625 commanentibus

55 2658 92 2694 per
106 2648 226 2696 quadritida
241 2648 325 2689 climata
339 2650 415 2696 cosmi,
432 2649 535 2690 Sanlanus
550 2650 589 2690 Dei
606 2651 672 2699 gratia
694 2651 781 2690 humilis
803 2651 842 2691 Ur-

55 2712 154 2760 gellensis
169 2714 291 2763 episcopus.
308 2713 381 2755 Gratia
404 2715 465 2756 vohis
481 2718 501 2755 et
518 2728 559 2765 pax
574 2728 585 2755 a
600 2716 647 2756 Deo
667 2727 751 2765 semper
773 2716 842 2756 multi-
