1924 3132
327 169 455 206 SCRIPTORES,
468 169 579 197 epistotae

434 327 474 368 29.

8 516 9 519 Ἴ
113 463 164 502 Post
183 462 241 501 1033.
261 461 293 501 Ex
312 460 427 500 cartulario
446 460 571 500 monosterii
587 460 609 500 S.
628 460 687 500 Petri
708 460 846 500 Cornotensis

61 527 192 577 (Saint-Pere
206 526 232 567 de
247 525 364 572 Cbartres).
383 525 466 566 Paulas
483 525 598 565 rnonactzas
616 526 637 565 in
652 526 740 575 prologo
757 526 787 565 od
802 538 846 565 cor-

0 610 9 652 ²,
61 594 160 636 talariam
175 592 201 632 eie
214 592 320 637 Radberto
335 592 431 641 episcopo
448 591 575 631 Carnotensi
589 592 667 640 refert:

0 715 5 731 ff
113 683 147 722 Xl.
207 683 309 721 annotare
328 680 565 722 curavi:·Rodbertum
586 680 732 720 Turonensem
753 681 797 729 qui,
818 680 846 720 ob

60 748 166 799 quendam
184 746 272 793 Maioris
289 746 412 785 Monasterii
429 743 597 791 (Marmoutiess)
615 744 753 792 monachum,
770 745 847 784 Beren-

61 814 111 863 garii
127 814 205 852 sectam
221 814 354 860 sequentem,
369 813 391 850 ut
406 822 417 850 a
432 811 487 850 veris
502 810 628 850 relatoribus
643 810 770 857 andivimus,
782 822 846 859 quem

0 869 7 907 ἦ
61 881 80 919 in
96 878 192 918 abbatiae
203 879 305 926 suggestu
321 876 436 916 obtrudere
451 888 494 915 non
510 876 582 923 valuit,
595 876 657 915 nobis
672 877 747 915 acriter
757 877 847 916 reniten-

60 945 116 985 tibus
126 955 150 983 ac
160 943 207 982 viva
218 954 270 982 voce
281 941 428 988 refutantibus,
440 941 588 990 apostolorum
599 945 758 981 sacrosanctum
774 941 846 988 altare,

61 1011 133 1050 contra
150 1008 219 1057 legem
237 1008 362 1047 canonicam
382 1006 525 1046 celebratione
544 1007 631 1064 misterii
650 1007 746 1055 corporis
764 1009 784 1046 et
801 1018 847 1046 san-

0 1076 6 1128 ζ
61 1074 131 1123 guinis
146 1071 224 1112 Christi
235 1071 302 1111 tribus
313 1070 423 1110 mensibus
437 1073 457 1110 et
473 1082 499 1110 eo
514 1070 606 1119 amplius
616 1082 687 1110 carere
698 1070 758 1118 lecit3
774 1083 847 1110 mona·

0 1131 5 1176 Ξ
61 1138 112 1178 chos
125 1148 212 1185 quoque
225 1136 325 1176 auxilium
339 1135 378 1175 Dei
392 1138 413 1175 et
426 1135 498 1175 matris
511 1134 556 1182 ejus
569 1137 680 1175 exorantes
690 1135 754 1183 longe
765 1135 810 1175 lieri
821 1135 848 1175 ab

0 1200 4 1214 *
61 1215 94 1250 eo,
109 1202 214 1242 minarum
230 1202 312 1251 spirans
328 1201 396 1250 palam
413 1200 513 1241 omnibus
529 1200 642 1249 prophano
657 1212 694 1240 ore
709 1203 846 1247 contestatus,

61 1267 218 1308 contradicente
229 1266 343 1307 aecclesiae
354 1266 462 1309 Romanae
473 1266 552 1315 legato,
562 1266 682 1315 pariterque
694 1266 788 1306 divinum
801 1266 848 1306 oili-

0 1322 5 1377 ἶ
62 1334 116 1373 cium
132 1333 162 1372 eis
178 1332 284 1372 interdixit
301 1344 324 1372 ac
342 1331 427 1381 publice
442 1332 462 1370 in
479 1328 588 1380 principali
607 1331 708 1371 aecclesia
726 1344 848 1372 excommu-

62 1398 131 1438 nicare
146 1409 210 1438 ausus
224 1398 271 1438 tuit.
666 1406 668 1408 ’

108 1484 137 1520 Μ.
152 1485 245 1529 Gae'rarrt,
259 1481 308 1521 Cart.
322 1484 346 1520 de
359 1483 467 1520 Saint-P‘ere
481 1483 505 1519 de
517 1482 611 1528 chartres,
626 1484 632 1519 l
646 1482 750 1528 (1840)15;
764 1484 794 1520 PL
809 1486 848 1528 155,

63 1545 105 1588 1933
118 1543 141 1580 ci.
152 1548 233 1590 ‘quoqne
246 1544 385 1589 prolegomena
399 1543 429 1579 ed.
443 1543 469 1579 Μ,
483 1542 576 1579 Guerard.

439 1740 478 1781 30.

117 1869 174 1908 1045.
190 1853 328 1917 Privitegiarn
342 1867 441 1908 ecelesiae
455 1866 478 1906 S.
493 1865 609 1906 Michaelis
623 1867 780 1908 flavianensis

114 1943 142 1983 Α.
158 1945 214 1997 1045
229 1943 264 1984 die
277 1945 313 1984 26.
329 1944 380 1983 latii
394 1944 515 1983 consecrata
529 1943 562 1982 est
577 1943 673 1983 Ecclesia
688 1944 710 1984 S.
734 1944 849 1985 Michaelis

64 2008 211 2049 flavianensis
225 2009 247 2048 in
262 2009 362 2049 comitatae
377 2008 514 2058 Emporitana
537 2018 575 2056 ner
595 2020 672 2049 monas
695 2009 796 2059 Oaifredi
817 2023 849 2050 ar-

62 2073 189 2123 clzienisconi
202 2074 350 2114 Narbonensis
364 2073 515 2114 assistentibus
530 2074 575 2112 octo
590 2074 641 2114 aliis
660 2075 778 2124 episcopis.¹
795 2075 850 2116 ricta

62 2140 225 2180 consecrationis
240 2140 262 2180 in
273 2140 357 2180 archivo
378 2140 521 2181 Cascanensis
545 2141 669 2181 monasterii
692 2141 777 2181 invento
791 2143 849 2181 sant.

62 2204 86 2243 In
100 2206 255 2245 consecratione
269 2205 356 2245 ecclesia
370 2206 456 2255 magnis
469 2207 589 2257 privilegiis
603 2206 678 2246 dotata
692 2208 730 2254 est,
747 2219 801 2256 qaae
814 2219 850 2256 no-

61 2271 107 2310 stea
123 2270 227 2311 Oiratetas
242 2271 352 2320 episcopas
369 2271 478 2312 Ostiensis
488 2275 509 2313 et
521 2272 658 2322 Apostolicae
675 2272 737 2312 Sectis
758 2273 851 2321 Legatos

62 2336 204 2385 confirmavit.
220 2336 336 2377 lateralia
350 2338 454 2377 statatum
471 2340 514 2378 est:

116 2425 261 2466 Concedimus
276 2427 339 2466 etiarn
355 2428 377 2465 ut
392 2426 426 2466 ille
441 2427 501 2467 locus
516 2428 574 2467 omni
591 2428 706 2477 poenitenti
722 2428 849 2476 minervius,

63 2492 82 2529 et
97 2491 224 2540 cuicumque
241 2491 329 2531 aliarum
343 2492 495 2532 -Ecclesiarum
521 2493 629 2544 ingressus
653 2495 750 2541 negatur.
767 2492 800 2533 hic
822 2492 859 2532 ob¹

63 2558 111 2595 vota
126 2557 228 2596 orationis
242 2557 345 2597 solvenda
360 2560 380 2597 et
395 2557 465 2597 divina
489 2559 588 2607 mysteria
612 2558 718 2598 audienda
740 2558 805 2598 libere
821 2559 851 2598 in·

54 2621 122 2668 ¹gredi
139 2622 279 2671 permittatur.

111 2708 174 2744 Mansi
188 2709 232 2744 xlx
239 2708 279 2745 613.
