1924 3132
297 151 425 187 scararoaes
438 151 550 180 EPISTOLAE
794 144 814 180 m

0 270 7 307 5
34 281 49 317 S
59 272 133 317 Nicasii,
143 270 308 315 contemporaneis
318 269 387 305 horum
400 270 508 318 eventuum,
522 268 603 305 coniecti
616 270 665 313 sunt,
679 279 729 315 quos
739 269 817 305 tandem

0 325 7 363 1
58 337 99 372 1931
114 332 140 368 H.
149 330 232 366 Meinert
243 330 262 365 in
275 330 337 365 lucem
351 329 414 365 edidit.
429 328 534 367 Referimus
548 330 620 373 partem
634 339 657 364 ex
671 329 733 374 primo
747 328 817 373 libello,

0 414 7 427 1
34 407 79 444 iprae
93 394 116 429 de
129 382 228 426 interdicto
242 389 289 435 egit:

85 503 103 531 c.
119 489 152 528 31.
170 486 350 536 Archiepiscopus
367 498 417 527 vero
435 486 509 526 videns
524 486 582 535 quod
598 498 636 526 nec
652 486 747 527 inducias
761 485 818 534 juxta

1 541 5 547 η’
35 557 89 608 quod
109 553 193 593 volebat
213 551 324 598 obtineret,
346 564 384 591 nec
404 552 502 592 homines
521 563 538 591 s.
560 552 650 600 Remigii
671 552 697 591 ad
718 552 817 600 placitum

1 648 7 660 -,
35 634 92 665 suum
109 619 179 661 Remis
194 618 316 663 deduceret,
334 617 374 657 sub
392 618 563 658 interminatione
581 629 645 657 omne
660 618 756 657 divinum
771 617 818 657 0111-

0 705 7 738 ς
35 691 88 729 cium
100 687 119 726 in
130 684 218 724 ecclesia
228 683 250 723 b.
262 683 352 732 Remigii
368 682 477 732 prohibuit
487 686 507 723 et
522 683 543 722 in
558 684 622 723 totius
637 683 698 723 villae
714 683 820 732 parochiis

36 756 84 794 haec
98 750 194 792 similiter
209 749 323 796 mandavit,
340 749 379 789 nisi
395 750 415 788 in
430 749 476 789 sola
491 749 579 789 ecclesia
594 761 611 789 s.
624 749 710 789 Nicasii.

86 854 104 881 1.
120 841 153 879 35.
173 840 221 879 Ηο1
238 839 339 878 mandato
357 838 383 878 ab
401 837 523 884 (1111111110)
541 838 617 878 abbate
634 850 673 878 suo
691 840 711 878 in
732 839 820 879 ecclesia
880 878 881 881 ,

0 948 6 956 ,
36 910 55 948 h.
78 906 166 953 Remigii
190 904 260 944 delato
282 917 307 944 ex
326 905 416 944 consilio
440 904 539 944 monachi
562 904 718 953 responderunt
740 904 820 944 archie-

0 1002 6 1023 s
37 975 144 1023 piscopum
161 982 203 1010 non
218 971 272 1018 juste
287 981 337 1018 erga
352 982 374 1009 se
389 981 460 1019 agere,
476 970 578 1018 quoniam
594 969 690 1009 nondum
705 970 749 1009 dies
760 970 820 1009 indu-

0 1060 7 1089 „¹
36 1041 112 1079 ciarum
127 1036 248 1082 advenerat,
264 1047 317 1085 quas
332 1036 377 1084 ipse
392 1035 566 1084 archiepiscopus
580 1035 693 1075 abbatibus
706 1047 757 1075 suae
772 1048 820 1085 pro-

1 1132 4 1135 v
37 1104 114 1144 vinciae
125 1102 151 1141 de
160 1101 240 1149 judicio
251 1113 315 1150 super
325 1100 423 1141 abbatem
434 1112 496 1140 suum
512 1100 610 1140 iaciendo
621 1103 682 1140 antea
697 1101 819 1141 donaverat.
884 1125 887 1130 ·

3 1196 6 1228 1
37 1168 131 1217 Amplius
146 1167 244 1207 homines
258 1179 309 1207 suos
325 1167 345 1205 in
361 1178 404 1215 quo
420 1166 526 1206 debebant
541 1166 589 1206 loco
605 1166 631 1206 de
647 1167 754 1214 omnibus,
767 1179 821 1215 quae

0 1273 4 1279 ,
37 1247 72 1274 eos
86 1235 232 1282 interrogaret,
249 1235 333 1281 paratos
349 1232 448 1281 placitare
463 1235 483 1272 et
498 1232 634 1272 derationari.
646 1231 745 1281 Amplius
755 1233 821 1272 eccle-

0 1279 6 1318 1

0 1313 6 1350 l

37 1301 86 1339 siam
104 1310 164 1338 suam
182 1311 193 1338 a
210 1297 231 1337 b,
251 1299 320 1338 Leone
339 1298 366 1337 ll(
384 1297 439 1347 papa
454 1300 598 1337 consecratam
615 1300 634 1337 et
650 1298 762 1346 privilegio
777 1297 822 1345 ejus

3 1428 6 1431 ’
38 1431 90 1469 cium
108 1430 162 1469 sicut
180 1431 200 1469 in
218 1430 292 1469 ceteris
310 1429 404 1469 ecclesiis
422 1428 535 1477 prohibere
553 1440 596 1468 non
616 1428 704 1476 debeat;
723 1429 822 1468 inconve-

0 1522 5 1527 .,
38 1497 95 1535 niens
103 1506 157 1542 esse,
168 1498 190 1535 ut
198 1494 372 1544 archiepiscopus
383 1506 431 1534 cum
440 1495 466 1534 sit
474 1494 514 1534 sub
525 1490 751 1543 apostonc0‚'manum
762 1506 822 1534 suam

38 1572 163 1609 supereum
182 1561 249 1610 possit
266 1560 378 1600 extendere
396 1562 416 1600 et
433 1572 498 1608 super
514 1560 698 1600 consecrationem
717 1563 736 1599 et
751 1572 822 1600 corro-
882 1614 883 1617 Ἴ

38 1626 167 1666 horationem
184 1627 236 1675 ejus,
252 1626 305 1666 sicut
320 1637 384 1674 super
398 1625 486 1672 alicuius
501 1625 655 1674 archiepiscopi
673 1626 705 1665 vel
725 1626 821 1675 episcopi

0 1718 5 1723 ν
38 1692 217 1731 consecrationem
229 1703 315 1731 manum
326 1703 386 1730 suam
398 1692 520 1740 praesertim
530 1690 610 1740 absque
618 1691 672 1739 justa
681 1703 743 1731 causa
752 1694 772 1731 11
780 1704 823 1731 cer-

39 1757 115 1796 tissima
124 1758 205 1797 ratione
214 1758 280 1806 possit
289 1754 385 1806 ponerel.
395 1750 492 1805 Amplius
501 1756 605 1796 domnum
615 1768 691 1806 papam
700 1757 822 1797 Paschalem

0 1860 4 1881 r
39 1822 105 1863 adhuc
115 1824 250 1871 superstitem
261 1823 362 1862 ecclesiae
377 1822 398 1862 1.
416 1822 505 1872 Remigii
520 1822 654 1872 privilegium
666 1824 822 1871 composuisse,

0 1882 5 1946 ξ
40 1888 58 1926 in
73 1899 116 1936 quo
134 1889 187 1928 inter
204 1891 273 1927 cetera
291 1891 402 1937 praecepta
419 1887 471 1927 haec
489 1882 609 1937 precepisse
626 1888 666 1927 sub
684 1888 823 1928 anathematis

0 1976 4 2010 3,
40 1953 215 2001 interminatione,
227 1956 249 1993 ut
259 1954 329 1993 nullus
340 1953 452 1993 hominum
464 1952 593 1993 coenobium
609 1954 630 1993 b.
643 1954 733 2003 Remigii
745 1955 824 1994 temere

39 2019 123 2058 auderet
134 2018 266 2067 perturbare;
279 2019 333 2059 hanc
344 2015 405 2067 [esse]
417 2019 550 2058 temerariam
567 2018 755 2068 perturbationem,
765 2019 824 2068 quod

0 2071 3 2121 ἶ
40 2083 133 2124 inducias
148 2096 190 2124 non
206 2084 453 2133 expectabatplacitare
470 2085 497 2124 de
513 2084 638 2125 hominibus
655 2085 676 2125 1.
696 2086 786 2134 Remigii
804 2086 824 2125 in

0 2159 3 2197 ξ
40 2160 81 2196 quo
96 2149 187 2190 debebat
204 2149 252 2190 1010
270 2149 363 2197 nolebat,
376 2150 471 2190 divinum
488 2149 583 2190 oiiicium
599 2147 710 2190 temerarie
726 2150 824 2199 prohibe·

40 2213 80 2261 bat,
103 2216 285 2256 consecrationem
301 2216 322 2256 1.
339 2216 415 2256 Leonis
437 2227 504 2265 papae
519 2218 540 2255 et
555 2217 689 2265 privilegium
706 2215 751 2263 ejus
764 2216 823 2256 nihili

0 2274 2 2324 Ϊ
41 2280 151 2326 pendebat.
168 2282 208 2322 ilis
223 2281 324 2321 omnibus
334 2282 425 2322 ostensis
440 2281 538 2322 monachi
554 2294 571 2321 s.
588 2282 678 2330 Remigii
698 2284 826 2330 rogaverunt

0 2390 2 2400 J
41 2345 231 2396 archiepiscopum,
247 2350 270 2387 ut
284 2348 300 2387 si
317 2359 355 2396 pro
371 2346 471 2387 omnibus
483 2347 625 2395 injustissimis
635 2348 704 2388 causis
715 2347 825 2388 ecclesiam

0 2422 2 2460 g
40 2420 98 2450 suam
114 2412 134 2451 in
150 2425 201 2461 pace
216 2412 329 2459 dimittere,
345 2415 368 2453 ut
383 2412 522 2453 solummodo
537 2412 632 2452 divinum
648 2413 744 2453 officium
763 2414 783 2452 in
802 2425 826 2453 ea

41 2475 187 2526 celebraretur,
203 2478 276 2525 nollet,
292 2478 366 2518 saltem
378 2490 417 2528 pro
433 2473 506 2521 amore
517 2481 537 2518 11
548 2479 664 2518 reverentia
679 2482 699 2519 et
714 2479 826 2528 privilegio

42 2539 113 2582 domni
134 2556 201 2593 papae
221 2543 328 2584 Paschalis
347 2543 416 2584 adhuc
435 2544 561 2593 superstitis,
583 2557 609 2584 ne
628 2545 645 2584 si
665 2544 719 2585 forte
742 2546 827 2585 resciret

89 2693 93 2714 ¹
106 2695 155 2732 Vide
169 2696 217 2732 inira
229 2697 294 2732 notam
307 2695 331 2731 ad
345 2706 360 2731 1,
373 2697 402 2732 35.
