<?xml version="1.0" encoding="UTF-8"?>
<!DOCTYPE html PUBLIC "-//W3C//DTD XHTML 1.0 Transitional//EN"
    "http://www.w3.org/TR/xhtml1/DTD/xhtml1-transitional.dtd">
<html xmlns="http://www.w3.org/1999/xhtml" xml:lang="en" lang="en">
 <head>
  <title>
</title>
<meta http-equiv="Content-Type" content="text/html;charset=utf-8" />
  <meta name='ocr-system' content='tesseract 3.04.00' />
  <meta name='ocr-capabilities' content='ocr_page ocr_carea ocr_par ocr_line ocrx_word'/>
</head>
<body>
  <div class='ocr_page' id='page_1' title='image "MN42046ucmf_0_0062.png"; bbox 0 0 1975 3157; ppageno 0'>
   <div class='ocr_carea' id='block_1_1' title="bbox 157 155 677 198">
    <p class='ocr_par' dir='ltr' id='par_1_1' title="bbox 157 155 677 198">
     <span class='ocr_line' id='line_1_1' title="bbox 157 155 677 198; baseline -0.002 -8"><span class='ocrx_word' id='word_1_1' title='bbox 157 155 180 191; x_wconf 78' lang='lat'>38</span> <span class='ocrx_word' id='word_1_2' title='bbox 206 171 208 174; x_wconf 57' lang='lat'>&gt;</span> <span class='ocrx_word' id='word_1_3' title='bbox 424 161 552 198; x_wconf 77' lang='lat' dir='ltr'>semmoaes,</span> <span class='ocrx_word' id='word_1_4' title='bbox 566 161 677 190; x_wconf 76' lang='lat' dir='ltr'>EPISTOLnE</span> 
     </span>
    </p>
   </div>
   <div class='ocr_carea' id='block_1_2' title="bbox 157 281 946 1187">
    <p class='ocr_par' dir='ltr' id='par_1_2' title="bbox 157 281 946 1187">
     <span class='ocr_line' id='line_1_2' title="bbox 158 281 945 331; baseline 0 -9"><span class='ocrx_word' id='word_1_5' title='bbox 158 282 268 329; x_wconf 82' lang='lat' dir='ltr'>Odonem,</span> <span class='ocrx_word' id='word_1_6' title='bbox 284 284 305 322; x_wconf 86' lang='lat' dir='ltr'>et</span> <span class='ocrx_word' id='word_1_7' title='bbox 319 282 337 321; x_wconf 92' lang='lat' dir='ltr'>ei</span> <span class='ocrx_word' id='word_1_8' title='bbox 353 283 422 321; x_wconf 86' lang='lat' dir='ltr'>vestra</span> <span class='ocrx_word' id='word_1_9' title='bbox 437 281 501 331; x_wconf 77' lang='lat' dir='ltr'>regali</span> <span class='ocrx_word' id='word_1_10' title='bbox 518 282 642 321; x_wconf 87' lang='lat' dir='ltr'>auctoritate</span> <span class='ocrx_word' id='word_1_11' title='bbox 656 282 757 321; x_wconf 87' lang='lat' dir='ltr'>vivaciter</span> <span class='ocrx_word' id='word_1_12' title='bbox 769 281 904 331; x_wconf 83' lang='lat' dir='ltr'>imperando,</span> <span class='ocrx_word' id='word_1_13' title='bbox 923 284 945 322; x_wconf 90' lang='lat' dir='ltr'>ut</span> 
     </span>
     <span class='ocr_line' id='line_1_3' title="bbox 158 346 944 396; baseline -0.001 -9"><span class='ocrx_word' id='word_1_14' title='bbox 158 347 276 396; x_wconf 85' lang='lat' dir='ltr'>praedictas</span> <span class='ocrx_word' id='word_1_15' title='bbox 300 347 399 387; x_wconf 79' lang='lat' dir='ltr'>diabolici</span> <span class='ocrx_word' id='word_1_16' title='bbox 429 347 539 387; x_wconf 87' lang='lat' dir='ltr'>instinctus</span> <span class='ocrx_word' id='word_1_17' title='bbox 564 346 672 387; x_wconf 83' lang='lat' dir='ltr'>machinas</span> <span class='ocrx_word' id='word_1_18' title='bbox 695 358 746 386; x_wconf 88' lang='lat' dir='ltr'>vero</span> <span class='ocrx_word' id='word_1_19' title='bbox 770 347 842 386; x_wconf 88' lang='lat' dir='ltr'>animo</span> <span class='ocrx_word' id='word_1_20' title='bbox 866 347 944 387; x_wconf 87' lang='lat' dir='ltr'>destrui</span> 
     </span>
     <span class='ocr_line' id='line_1_4' title="bbox 157 412 944 462; baseline -0.001 -9"><span class='ocrx_word' id='word_1_21' title='bbox 157 412 235 460; x_wconf 86' lang='lat' dir='ltr'>iubeat,</span> <span class='ocrx_word' id='word_1_22' title='bbox 252 413 285 453; x_wconf 87' lang='lat' dir='ltr'>vel</span> <span class='ocrx_word' id='word_1_23' title='bbox 300 413 346 462; x_wconf 86' lang='lat' dir='ltr'>ipse</span> <span class='ocrx_word' id='word_1_24' title='bbox 361 412 462 460; x_wconf 88' lang='lat' dir='ltr'>destruat,</span> <span class='ocrx_word' id='word_1_25' title='bbox 479 415 566 461; x_wconf 87' lang='lat' dir='ltr'>propter</span> <span class='ocrx_word' id='word_1_26' title='bbox 581 412 659 459; x_wconf 82' lang='lat' dir='ltr'>Deum,</span> <span class='ocrx_word' id='word_1_27' title='bbox 676 414 695 452; x_wconf 90' lang='lat' dir='ltr'>et</span> <span class='ocrx_word' id='word_1_28' title='bbox 710 412 834 452; x_wconf 72' lang='lat' dir='ltr'>fidelitatem</span> <span class='ocrx_word' id='word_1_29' title='bbox 845 414 944 461; x_wconf 89' lang='lat' dir='ltr'>vestram,</span> 
     </span>
     <span class='ocr_line' id='line_1_5' title="bbox 158 477 944 529; baseline 0.001 -11"><span class='ocrx_word' id='word_1_30' title='bbox 158 481 177 518; x_wconf 92' lang='lat' dir='ltr'>et</span> <span class='ocrx_word' id='word_1_31' title='bbox 192 481 276 518; x_wconf 85' lang='lat' dir='ltr'>sanctae</span> <span class='ocrx_word' id='word_1_32' title='bbox 291 478 371 518; x_wconf 83' lang='lat' dir='ltr'>Mariae</span> <span class='ocrx_word' id='word_1_33' title='bbox 385 478 498 525; x_wconf 83' lang='lat' dir='ltr'>honorem,</span> <span class='ocrx_word' id='word_1_34' title='bbox 515 480 535 518; x_wconf 91' lang='lat' dir='ltr'>et</span> <span class='ocrx_word' id='word_1_35' title='bbox 550 478 615 518; x_wconf 90' lang='lat' dir='ltr'>nostri</span> <span class='ocrx_word' id='word_1_36' title='bbox 632 477 701 517; x_wconf 88' lang='lat' dir='ltr'>adbuc</span> <span class='ocrx_word' id='word_1_37' title='bbox 711 479 743 529; x_wconf 81' lang='lat' dir='ltr'>sui</span> <span class='ocrx_word' id='word_1_38' title='bbox 756 478 826 518; x_wconf 87' lang='lat' dir='ltr'>tidelis</span> <span class='ocrx_word' id='word_1_39' title='bbox 841 489 944 519; x_wconf 89' lang='lat' dir='ltr'>amorem.</span> 
     </span>
     <span class='ocr_line' id='line_1_6' title="bbox 157 542 944 593; baseline 0 -9"><span class='ocrx_word' id='word_1_40' title='bbox 157 543 223 591; x_wconf 88' lang='lat' dir='ltr'>Quod</span> <span class='ocrx_word' id='word_1_41' title='bbox 243 544 259 584; x_wconf 89' lang='lat' dir='ltr'>si</span> <span class='ocrx_word' id='word_1_42' title='bbox 280 556 318 584; x_wconf 92' lang='lat' dir='ltr'>nec</span> <span class='ocrx_word' id='word_1_43' title='bbox 338 555 376 592; x_wconf 92' lang='lat' dir='ltr'>per</span> <span class='ocrx_word' id='word_1_44' title='bbox 394 555 440 590; x_wconf 87' lang='lat' dir='ltr'>vos,</span> <span class='ocrx_word' id='word_1_45' title='bbox 461 555 500 583; x_wconf 91' lang='lat' dir='ltr'>nec</span> <span class='ocrx_word' id='word_1_46' title='bbox 520 555 557 592; x_wconf 87' lang='lat' dir='ltr'>per</span> <span class='ocrx_word' id='word_1_47' title='bbox 578 542 636 583; x_wconf 93' lang='lat' dir='ltr'>illum</span> <span class='ocrx_word' id='word_1_48' title='bbox 658 544 714 583; x_wconf 88' lang='lat' dir='ltr'>irrita</span> <span class='ocrx_word' id='word_1_49' title='bbox 733 544 795 583; x_wconf 86' lang='lat' dir='ltr'>tuerit</span> <span class='ocrx_word' id='word_1_50' title='bbox 815 543 867 583; x_wconf 84' lang='lat' dir='ltr'>haec</span> <span class='ocrx_word' id='word_1_51' title='bbox 886 545 944 593; x_wconf 82' lang='lat' dir='ltr'>quasi</span> 
     </span>
     <span class='ocr_line' id='line_1_7' title="bbox 158 598 946 659; baseline 0.001 -10"><span class='ocrx_word' id='word_1_52' title='bbox 158 612 260 658; x_wconf 90' lang='lat' dir='ltr'>perpetua</span> <span class='ocrx_word' id='word_1_53' title='bbox 274 609 340 649; x_wconf 87' lang='lat' dir='ltr'>nostri</span> <span class='ocrx_word' id='word_1_54' title='bbox 356 608 396 649; x_wconf 89' lang='lat' dir='ltr'>loci</span> <span class='ocrx_word' id='word_1_55' title='bbox 412 608 518 655; x_wconf 84' lang='lat' dir='ltr'>contusio,</span> <span class='ocrx_word' id='word_1_56' title='bbox 535 609 586 657; x_wconf 88' lang='lat' dir='ltr'>quid</span> <span class='ocrx_word' id='word_1_57' title='bbox 602 611 665 648; x_wconf 90' lang='lat' dir='ltr'>restat</span> <span class='ocrx_word' id='word_1_58' title='bbox 682 598 746 656; x_wconf 79' lang='lat' dir='ltr'>aliud,</span> <span class='ocrx_word' id='word_1_59' title='bbox 765 610 804 649; x_wconf 91' lang='lat' dir='ltr'>nisi</span> <span class='ocrx_word' id='word_1_60' title='bbox 823 612 845 649; x_wconf 92' lang='lat' dir='ltr'>ut</span> <span class='ocrx_word' id='word_1_61' title='bbox 862 610 946 659; x_wconf 86' lang='lat' dir='ltr'>penitus</span> 
     </span>
     <span class='ocr_line' id='line_1_8' title="bbox 158 674 944 725; baseline 0.001 -10"><span class='ocrx_word' id='word_1_62' title='bbox 158 675 308 716; x_wconf 78' lang='lat' dir='ltr'>interdicamus</span> <span class='ocrx_word' id='word_1_63' title='bbox 328 675 361 725; x_wconf 78' lang='lat' dir='ltr'>agi</span> <span class='ocrx_word' id='word_1_64' title='bbox 380 675 475 714; x_wconf 87' lang='lat' dir='ltr'>divinum</span> <span class='ocrx_word' id='word_1_65' title='bbox 496 674 592 715; x_wconf 90' lang='lat' dir='ltr'>otticium</span> <span class='ocrx_word' id='word_1_66' title='bbox 613 675 633 715; x_wconf 93' lang='lat' dir='ltr'>in</span> <span class='ocrx_word' id='word_1_67' title='bbox 651 677 697 716; x_wconf 89' lang='lat' dir='ltr'>toto</span> <span class='ocrx_word' id='word_1_68' title='bbox 716 675 844 725; x_wconf 77' lang='lat' dir='ltr'>Episcopatu</span> <span class='ocrx_word' id='word_1_69' title='bbox 860 679 944 724; x_wconf 84' lang='lat' dir='ltr'>nostro;</span> 
     </span>
     <span class='ocr_line' id='line_1_9' title="bbox 158 741 945 791; baseline 0 -10"><span class='ocrx_word' id='word_1_70' title='bbox 158 742 197 791; x_wconf 93' lang='lat' dir='ltr'>ipsi</span> <span class='ocrx_word' id='word_1_71' title='bbox 214 742 273 788; x_wconf 80' lang='lat' dir='ltr'>inde,</span> <span class='ocrx_word' id='word_1_72' title='bbox 286 741 340 781; x_wconf 89' lang='lat' dir='ltr'>heul</span> <span class='ocrx_word' id='word_1_73' title='bbox 364 742 430 788; x_wconf 87' lang='lat' dir='ltr'>inviti,</span> <span class='ocrx_word' id='word_1_74' title='bbox 447 743 467 781; x_wconf 90' lang='lat' dir='ltr'>et</span> <span class='ocrx_word' id='word_1_75' title='bbox 482 741 574 780; x_wconf 89' lang='lat' dir='ltr'>maxima</span> <span class='ocrx_word' id='word_1_76' title='bbox 588 742 712 781; x_wconf 78' lang='lat' dir='ltr'>necessitate</span> <span class='ocrx_word' id='word_1_77' title='bbox 723 741 798 788; x_wconf 88' lang='lat' dir='ltr'>coacti,</span> <span class='ocrx_word' id='word_1_78' title='bbox 810 741 882 789; x_wconf 81' lang='lat' dir='ltr'>aliquo</span> <span class='ocrx_word' id='word_1_79' title='bbox 897 753 945 781; x_wconf 87' lang='lat' dir='ltr'>exu-</span> 
     </span>
     <span class='ocr_line' id='line_1_10' title="bbox 158 805 946 854; baseline 0 -8"><span class='ocrx_word' id='word_1_80' title='bbox 158 807 232 854; x_wconf 84' lang='lat' dir='ltr'>lantes,</span> <span class='ocrx_word' id='word_1_81' title='bbox 255 818 294 846; x_wconf 91' lang='lat' dir='ltr'>nee</span> <span class='ocrx_word' id='word_1_82' title='bbox 316 806 383 846; x_wconf 91' lang='lat' dir='ltr'>oculis</span> <span class='ocrx_word' id='word_1_83' title='bbox 403 807 480 846; x_wconf 89' lang='lat' dir='ltr'>nostris</span> <span class='ocrx_word' id='word_1_84' title='bbox 498 805 569 846; x_wconf 88' lang='lat' dir='ltr'>videre</span> <span class='ocrx_word' id='word_1_85' title='bbox 587 806 666 846; x_wconf 90' lang='lat' dir='ltr'>diutius</span> <span class='ocrx_word' id='word_1_86' title='bbox 683 809 767 846; x_wconf 87' lang='lat' dir='ltr'>sanctae</span> <span class='ocrx_word' id='word_1_87' title='bbox 785 806 824 846; x_wconf 87' lang='lat' dir='ltr'>Dei</span> <span class='ocrx_word' id='word_1_88' title='bbox 841 806 946 847; x_wconf 81' lang='lat' dir='ltr'>Ecclesiae</span> 
     </span>
     <span class='ocr_line' id='line_1_11' title="bbox 158 871 945 920; baseline 0 -9"><span class='ocrx_word' id='word_1_89' title='bbox 158 872 341 911; x_wconf 86' lang='lat' dir='ltr'>conculcationem</span> <span class='ocrx_word' id='word_1_90' title='bbox 357 871 462 911; x_wconf 84' lang='lat' dir='ltr'>terentes?</span> <span class='ocrx_word' id='word_1_91' title='bbox 477 871 543 917; x_wconf 87' lang='lat' dir='ltr'>Quod</span> <span class='ocrx_word' id='word_1_92' title='bbox 558 883 584 910; x_wconf 93' lang='lat' dir='ltr'>ne</span> <span class='ocrx_word' id='word_1_93' title='bbox 599 872 668 911; x_wconf 88' lang='lat' dir='ltr'>iacere</span> <span class='ocrx_word' id='word_1_94' title='bbox 679 883 789 920; x_wconf 80' lang='lat' dir='ltr'>cogamur,</span> <span class='ocrx_word' id='word_1_95' title='bbox 802 874 891 911; x_wconf 86' lang='lat' dir='ltr'>vestram</span> <span class='ocrx_word' id='word_1_96' title='bbox 908 872 945 911; x_wconf 89' lang='lat' dir='ltr'>mi-</span> 
     </span>
     <span class='ocr_line' id='line_1_12' title="bbox 157 935 944 984; baseline -0.001 -8"><span class='ocrx_word' id='word_1_97' title='bbox 157 936 295 976; x_wconf 87' lang='lat' dir='ltr'>sericordiam</span> <span class='ocrx_word' id='word_1_98' title='bbox 323 937 398 976; x_wconf 90' lang='lat' dir='ltr'>iterum</span> <span class='ocrx_word' id='word_1_99' title='bbox 420 937 538 984; x_wconf 83' lang='lat' dir='ltr'>iterumque</span> <span class='ocrx_word' id='word_1_100' title='bbox 560 935 659 975; x_wconf 83' lang='lat' dir='ltr'>flebiliter</span> <span class='ocrx_word' id='word_1_101' title='bbox 679 947 776 983; x_wconf 77' lang='lat' dir='ltr'>oramus;</span> <span class='ocrx_word' id='word_1_102' title='bbox 799 948 825 976; x_wconf 91' lang='lat' dir='ltr'>ne</span> <span class='ocrx_word' id='word_1_103' title='bbox 844 939 865 976; x_wconf 91' lang='lat' dir='ltr'>et</span> <span class='ocrx_word' id='word_1_104' title='bbox 885 936 944 984; x_wconf 91' lang='lat' dir='ltr'>illud,</span> 
     </span>
     <span class='ocr_line' id='line_1_13' title="bbox 157 1001 945 1050; baseline -0.001 -9"><span class='ocrx_word' id='word_1_105' title='bbox 157 1001 217 1050; x_wconf 81' lang='lat' dir='ltr'>quod</span> <span class='ocrx_word' id='word_1_106' title='bbox 228 1001 289 1048; x_wconf 87' lang='lat' dir='ltr'>absit,</span> <span class='ocrx_word' id='word_1_107' title='bbox 305 1001 362 1050; x_wconf 87' lang='lat' dir='ltr'>apud</span> <span class='ocrx_word' id='word_1_108' title='bbox 378 1003 499 1040; x_wconf 86' lang='lat' dir='ltr'>extraneum</span> <span class='ocrx_word' id='word_1_109' title='bbox 516 1001 595 1049; x_wconf 80' lang='lat' dir='ltr'>Regem</span> <span class='ocrx_word' id='word_1_110' title='bbox 608 1001 640 1041; x_wconf 86' lang='lat' dir='ltr'>vel</span> <span class='ocrx_word' id='word_1_111' title='bbox 652 1001 803 1049; x_wconf 80' lang='lat' dir='ltr'>imperatorem</span> <span class='ocrx_word' id='word_1_112' title='bbox 815 1001 874 1041; x_wconf 80' lang='lat' dir='ltr'>fateri</span> <span class='ocrx_word' id='word_1_113' title='bbox 888 1012 945 1041; x_wconf 89' lang='lat' dir='ltr'>com-</span> 
     </span>
     <span class='ocr_line' id='line_1_14' title="bbox 158 1065 944 1115; baseline 0 -9"><span class='ocrx_word' id='word_1_114' title='bbox 158 1066 262 1115; x_wconf 78' lang='lat' dir='ltr'>pellamur</span> <span class='ocrx_word' id='word_1_115' title='bbox 276 1078 287 1105; x_wconf 90' lang='lat' dir='ltr'>a</span> <span class='ocrx_word' id='word_1_116' title='bbox 296 1065 363 1105; x_wconf 81' lang='lat' dir='ltr'>uobis</span> <span class='ocrx_word' id='word_1_117' title='bbox 379 1065 468 1112; x_wconf 85' lang='lat' dir='ltr'>exsules,</span> <span class='ocrx_word' id='word_1_118' title='bbox 480 1065 574 1105; x_wconf 90' lang='lat' dir='ltr'>noluisse</span> <span class='ocrx_word' id='word_1_119' title='bbox 582 1077 628 1113; x_wconf 87' lang='lat' dir='ltr'>vos,</span> <span class='ocrx_word' id='word_1_120' title='bbox 637 1066 669 1105; x_wconf 86' lang='lat' dir='ltr'>vel</span> <span class='ocrx_word' id='word_1_121' title='bbox 678 1077 721 1105; x_wconf 93' lang='lat' dir='ltr'>non</span> <span class='ocrx_word' id='word_1_122' title='bbox 729 1066 828 1114; x_wconf 88' lang='lat' dir='ltr'>valuisse,</span> <span class='ocrx_word' id='word_1_123' title='bbox 844 1077 944 1115; x_wconf 80' lang='lat' dir='ltr'>sponsam</span> 
     </span>
     <span class='ocr_line' id='line_1_15' title="bbox 158 1131 873 1187; baseline -0.001 -15"><span class='ocrx_word' id='word_1_124' title='bbox 158 1132 236 1187; x_wconf 82' lang='lat' dir='ltr'>Christi</span> <span class='ocrx_word' id='word_1_125' title='bbox 252 1134 345 1172; x_wconf 85' lang='lat' dir='ltr'>sanciam</span> <span class='ocrx_word' id='word_1_126' title='bbox 362 1131 477 1172; x_wconf 84' lang='lat' dir='ltr'>Ecclesiam</span> <span class='ocrx_word' id='word_1_127' title='bbox 493 1131 556 1171; x_wconf 92' lang='lat' dir='ltr'>nobis</span> <span class='ocrx_word' id='word_1_128' title='bbox 571 1143 644 1180; x_wconf 82' lang='lat' dir='ltr'>regere</span> <span class='ocrx_word' id='word_1_129' title='bbox 659 1132 796 1171; x_wconf 88' lang='lat' dir='ltr'>commissam</span> <span class='ocrx_word' id='word_1_130' title='bbox 811 1133 873 1172; x_wconf 88' lang='lat' dir='ltr'>tueri.</span> 
     </span>
    </p>
   </div>
   <div class='ocr_carea' id='block_1_3' title="bbox 176 1210 692 1258">
    <p class='ocr_par' dir='ltr' id='par_1_3' title="bbox 176 1210 692 1258">
     <span class='ocr_line' id='line_1_16' title="bbox 176 1210 692 1258; baseline -0.002 -10"><span class='ocrx_word' id='word_1_131' title='bbox 176 1210 178 1213; x_wconf 75' lang='grc'><strong>’</strong></span> <span class='ocrx_word' id='word_1_132' title='bbox 206 1212 295 1258; x_wconf 86' lang='lat' dir='ltr'>Bouquet</span> <span class='ocrx_word' id='word_1_133' title='bbox 307 1212 324 1247; x_wconf 88' lang='grc' dir='ltr'>Χ</span> <span class='ocrx_word' id='word_1_134' title='bbox 337 1213 372 1248; x_wconf 80' lang='lat'>357</span> <span class='ocrx_word' id='word_1_135' title='bbox 386 1222 415 1257; x_wconf 92' lang='lat' dir='ltr'>ep.</span> <span class='ocrx_word' id='word_1_136' title='bbox 429 1214 461 1255; x_wconf 78' lang='lat'>243</span> <span class='ocrx_word' id='word_1_137' title='bbox 476 1212 506 1248; x_wconf 82' lang='lat' dir='ltr'>PL</span> <span class='ocrx_word' id='word_1_138' title='bbox 520 1213 558 1256; x_wconf 79' lang='lat'>141,</span> <span class='ocrx_word' id='word_1_139' title='bbox 572 1212 606 1248; x_wconf 84' lang='lat'>215</span> <span class='ocrx_word' id='word_1_140' title='bbox 620 1223 649 1257; x_wconf 90' lang='lat' dir='ltr'>ep.</span> <span class='ocrx_word' id='word_1_141' title='bbox 663 1212 692 1248; x_wconf 80' lang='lat'>30.</span> 
     </span>
    </p>
   </div>
   <div class='ocr_carea' id='block_1_4' title="bbox 533 1375 573 1420">
    <p class='ocr_par' dir='ltr' id='par_1_4' title="bbox 533 1375 573 1420">
     <span class='ocr_line' id='line_1_17' title="bbox 533 1375 573 1420; baseline 0.025 -1"><span class='ocrx_word' id='word_1_142' title='bbox 533 1375 573 1420; x_wconf 86' lang='lat'>25.</span> 
     </span>
    </p>
   </div>
   <div class='ocr_carea' id='block_1_5' title="bbox 157 1506 947 1751">
    <p class='ocr_par' dir='ltr' id='par_1_5' title="bbox 157 1506 947 1751">
     <span class='ocr_line' id='line_1_18' title="bbox 214 1506 947 1556; baseline 0 -9"><span class='ocrx_word' id='word_1_143' title='bbox 214 1508 272 1548; x_wconf 82' lang='lat'>1025.</span> <span class='ocrx_word' id='word_1_144' title='bbox 288 1507 386 1556; x_wconf 82' lang='lat' dir='ltr'>Epistola</span> <span class='ocrx_word' id='word_1_145' title='bbox 404 1506 500 1546; x_wconf 81' lang='lat' dir='ltr'>Futberti</span> <span class='ocrx_word' id='word_1_146' title='bbox 515 1506 602 1547; x_wconf 82' lang='lat' dir='ltr'>Curuot.</span> <span class='ocrx_word' id='word_1_147' title='bbox 618 1507 647 1547; x_wconf 88' lang='lat' dir='ltr'>ud</span> <span class='ocrx_word' id='word_1_148' title='bbox 660 1506 790 1551; x_wconf 77' lang='lat' dir='ltr'>Richardum</span> <span class='ocrx_word' id='word_1_149' title='bbox 807 1507 829 1547; x_wconf 74' lang='lat' dir='ltr'>S,</span> <span class='ocrx_word' id='word_1_150' title='bbox 845 1508 947 1547; x_wconf 78' lang='lat' dir='ltr'>Medardi</span> 
     </span>
     <span class='ocr_line' id='line_1_19' title="bbox 158 1572 946 1621; baseline 0.001 -9"><span class='ocrx_word' id='word_1_151' title='bbox 158 1573 255 1612; x_wconf 79' lang='lat' dir='ltr'>abbatem</span> <span class='ocrx_word' id='word_1_152' title='bbox 270 1572 455 1612; x_wconf 82' lang='lat' dir='ltr'>Suessionemsem.</span> <span class='ocrx_word' id='word_1_153' title='bbox 471 1572 542 1620; x_wconf 83' lang='lat' dir='ltr'>Ipsum</span> <span class='ocrx_word' id='word_1_154' title='bbox 559 1572 653 1621; x_wconf 82' lang='lat' dir='ltr'>corripit,</span> <span class='ocrx_word' id='word_1_155' title='bbox 670 1572 727 1620; x_wconf 81' lang='lat' dir='ltr'>quod</span> <span class='ocrx_word' id='word_1_156' title='bbox 740 1573 847 1612; x_wconf 80' lang='lat' dir='ltr'>ecclesium</span> <span class='ocrx_word' id='word_1_157' title='bbox 862 1573 884 1612; x_wconf 87' lang='lat' dir='ltr'>S.</span> <span class='ocrx_word' id='word_1_158' title='bbox 900 1574 946 1613; x_wconf 85' lang='lat' dir='ltr'>Me·</span> 
     </span>
     <span class='ocr_line' id='line_1_20' title="bbox 157 1636 946 1687; baseline 0.004 -11"><span class='ocrx_word' id='word_1_159' title='bbox 157 1637 227 1686; x_wconf 79' lang='lat' dir='ltr'>dardi,</span> <span class='ocrx_word' id='word_1_160' title='bbox 244 1649 307 1685; x_wconf 75' lang='lat' dir='ltr'>urium</span> <span class='ocrx_word' id='word_1_161' title='bbox 322 1638 368 1687; x_wconf 82' lang='lat' dir='ltr'>eJ&#39;us</span> <span class='ocrx_word' id='word_1_162' title='bbox 382 1636 491 1676; x_wconf 78' lang='lat' dir='ltr'>domestici</span> <span class='ocrx_word' id='word_1_163' title='bbox 505 1638 591 1676; x_wconf 79' lang='lat' dir='ltr'>cruenta</span> <span class='ocrx_word' id='word_1_164' title='bbox 605 1637 667 1676; x_wconf 79' lang='lat' dir='ltr'>caede</span> <span class='ocrx_word' id='word_1_165' title='bbox 678 1637 812 1686; x_wconf 78' lang='lat' dir='ltr'>violaverunt,</span> <span class='ocrx_word' id='word_1_166' title='bbox 824 1637 870 1686; x_wconf 83' lang='lat' dir='ltr'>ipsa</span> <span class='ocrx_word' id='word_1_167' title='bbox 879 1638 946 1679; x_wconf 77' lang='lat' dir='ltr'>abbas</span> 
     </span>
     <span class='ocr_line' id='line_1_21' title="bbox 157 1702 690 1751; baseline 0 -9"><span class='ocrx_word' id='word_1_168' title='bbox 157 1702 300 1751; x_wconf 78' lang='lat' dir='ltr'>reconciliare,</span> <span class='ocrx_word' id='word_1_169' title='bbox 316 1704 337 1743; x_wconf 86' lang='lat' dir='ltr'>et</span> <span class='ocrx_word' id='word_1_170' title='bbox 350 1702 372 1742; x_wconf 86' lang='lat' dir='ltr'>iu</span> <span class='ocrx_word' id='word_1_171' title='bbox 387 1714 412 1743; x_wconf 82' lang='lat' dir='ltr'>cn</span> <span class='ocrx_word' id='word_1_172' title='bbox 426 1702 529 1742; x_wconf 79' lang='lat' dir='ltr'>celebrare</span> <span class='ocrx_word' id='word_1_173' title='bbox 548 1714 614 1742; x_wconf 78' lang='lat' dir='ltr'>ausus</span> <span class='ocrx_word' id='word_1_174' title='bbox 628 1705 690 1743; x_wconf 84' lang='lat' dir='ltr'>esset.</span> 
     </span>
    </p>
   </div>
   <div class='ocr_carea' id='block_1_6' title="bbox 157 1791 946 2757">
    <p class='ocr_par' dir='ltr' id='par_1_6' title="bbox 157 1791 946 2757">
     <span class='ocr_line' id='line_1_22' title="bbox 211 1791 945 1841; baseline 0.001 -9"><span class='ocrx_word' id='word_1_175' title='bbox 211 1791 313 1839; x_wconf 90' lang='lat' dir='ltr'>Quandiu</span> <span class='ocrx_word' id='word_1_176' title='bbox 328 1792 354 1832; x_wconf 90' lang='lat' dir='ltr'>de</span> <span class='ocrx_word' id='word_1_177' title='bbox 369 1791 438 1838; x_wconf 91' lang='lat' dir='ltr'>vobis,</span> <span class='ocrx_word' id='word_1_178' title='bbox 455 1803 509 1841; x_wconf 85' lang='lat' dir='ltr'>quae</span> <span class='ocrx_word' id='word_1_179' title='bbox 524 1792 550 1831; x_wconf 90' lang='lat' dir='ltr'>de</span> <span class='ocrx_word' id='word_1_180' title='bbox 565 1792 628 1832; x_wconf 90' lang='lat' dir='ltr'>bonis</span> <span class='ocrx_word' id='word_1_181' title='bbox 643 1795 663 1832; x_wconf 92' lang='lat' dir='ltr'>et</span> <span class='ocrx_word' id='word_1_182' title='bbox 677 1791 808 1841; x_wconf 85' lang='lat' dir='ltr'>sapientibus</span> <span class='ocrx_word' id='word_1_183' title='bbox 831 1793 887 1839; x_wconf 86' lang='lat' dir='ltr'>viris,</span> <span class='ocrx_word' id='word_1_184' title='bbox 910 1805 945 1833; x_wconf 88' lang='lat' dir='ltr'>au-</span> 
     </span>
     <span class='ocr_line' id='line_1_23' title="bbox 158 1856 945 1906; baseline 0.003 -10"><span class='ocrx_word' id='word_1_185' title='bbox 158 1858 249 1896; x_wconf 88' lang='lat' dir='ltr'>divimus</span> <span class='ocrx_word' id='word_1_186' title='bbox 265 1857 381 1906; x_wconf 80' lang='lat' dir='ltr'>gaudentes</span> <span class='ocrx_word' id='word_1_187' title='bbox 397 1857 492 1896; x_wconf 91' lang='lat' dir='ltr'>Domino</span> <span class='ocrx_word' id='word_1_188' title='bbox 508 1857 585 1905; x_wconf 80' lang='lat' dir='ltr'>gratias</span> <span class='ocrx_word' id='word_1_189' title='bbox 600 1857 724 1905; x_wconf 80' lang='lat' dir='ltr'>agebamus.</span> <span class='ocrx_word' id='word_1_190' title='bbox 741 1856 767 1897; x_wconf 79' lang='lat' dir='ltr'>nt</span> <span class='ocrx_word' id='word_1_191' title='bbox 783 1869 839 1897; x_wconf 90' lang='lat' dir='ltr'>nunc</span> <span class='ocrx_word' id='word_1_192' title='bbox 860 1858 945 1899; x_wconf 89' lang='lat' dir='ltr'>sinistro</span> 
     </span>
     <span class='ocr_line' id='line_1_24' title="bbox 157 1922 944 1970; baseline 0.003 -9"><span class='ocrx_word' id='word_1_193' title='bbox 157 1934 243 1962; x_wconf 90' lang='lat' dir='ltr'>rumore</span> <span class='ocrx_word' id='word_1_194' title='bbox 265 1923 323 1968; x_wconf 91' lang='lat' dir='ltr'>laesi,</span> <span class='ocrx_word' id='word_1_195' title='bbox 346 1925 438 1962; x_wconf 90' lang='lat' dir='ltr'>vestrum</span> <span class='ocrx_word' id='word_1_196' title='bbox 463 1922 579 1970; x_wconf 84' lang='lat' dir='ltr'>periculum</span> <span class='ocrx_word' id='word_1_197' title='bbox 600 1922 749 1962; x_wconf 83' lang='lat' dir='ltr'>lormidamus.</span> <span class='ocrx_word' id='word_1_198' title='bbox 766 1922 869 1962; x_wconf 86' lang='lat' dir='ltr'>Dicuntur</span> <span class='ocrx_word' id='word_1_199' title='bbox 889 1924 944 1963; x_wconf 89' lang='lat' dir='ltr'>enim</span> 
     </span>
     <span class='ocr_line' id='line_1_25' title="bbox 157 1987 946 2028; baseline 0.001 -1"><span class='ocrx_word' id='word_1_200' title='bbox 157 1987 219 2027; x_wconf 89' lang='lat' dir='ltr'>vestri</span> <span class='ocrx_word' id='word_1_201' title='bbox 235 1987 347 2027; x_wconf 89' lang='lat' dir='ltr'>domestici</span> <span class='ocrx_word' id='word_1_202' title='bbox 363 1987 438 2027; x_wconf 90' lang='lat' dir='ltr'>atrium</span> <span class='ocrx_word' id='word_1_203' title='bbox 454 1990 474 2027; x_wconf 92' lang='lat' dir='ltr'>et</span> <span class='ocrx_word' id='word_1_204' title='bbox 490 1987 605 2027; x_wconf 87' lang='lat' dir='ltr'>Ecclesiam</span> <span class='ocrx_word' id='word_1_205' title='bbox 622 1987 645 2027; x_wconf 83' lang='lat' dir='ltr'>B.</span> <span class='ocrx_word' id='word_1_206' title='bbox 662 1987 758 2027; x_wconf 84' lang='lat' dir='ltr'>Medardi</span> <span class='ocrx_word' id='word_1_207' title='bbox 780 1990 866 2028; x_wconf 87' lang='lat' dir='ltr'>cruenta</span> <span class='ocrx_word' id='word_1_208' title='bbox 881 1988 946 2028; x_wconf 88' lang='lat' dir='ltr'>caede</span> 
     </span>
     <span class='ocr_line' id='line_1_26' title="bbox 158 2052 945 2100; baseline 0.003 -9"><span class='ocrx_word' id='word_1_209' title='bbox 158 2052 255 2092; x_wconf 87' lang='lat' dir='ltr'>violasse.</span> <span class='ocrx_word' id='word_1_210' title='bbox 272 2052 355 2092; x_wconf 89' lang='lat' dir='ltr'>Dicitur</span> <span class='ocrx_word' id='word_1_211' title='bbox 369 2052 395 2092; x_wconf 89' lang='lat' dir='ltr'>de</span> <span class='ocrx_word' id='word_1_212' title='bbox 410 2052 472 2092; x_wconf 91' lang='lat' dir='ltr'>vobis</span> <span class='ocrx_word' id='word_1_213' title='bbox 487 2052 546 2100; x_wconf 87' lang='lat' dir='ltr'>quod</span> <span class='ocrx_word' id='word_1_214' title='bbox 562 2053 582 2091; x_wconf 96' lang='lat' dir='ltr'>in</span> <span class='ocrx_word' id='word_1_215' title='bbox 597 2052 672 2092; x_wconf 89' lang='lat' dir='ltr'>eadem</span> <span class='ocrx_word' id='word_1_216' title='bbox 688 2052 766 2092; x_wconf 85' lang='lat' dir='ltr'>violata</span> <span class='ocrx_word' id='word_1_217' title='bbox 782 2052 881 2100; x_wconf 84' lang='lat' dir='ltr'>Ecclesia,</span> <span class='ocrx_word' id='word_1_218' title='bbox 900 2054 945 2094; x_wconf 91' lang='lat' dir='ltr'>sine</span> 
     </span>
     <span class='ocr_line' id='line_1_27' title="bbox 158 2117 944 2166; baseline 0.001 -9"><span class='ocrx_word' id='word_1_219' title='bbox 158 2118 278 2166; x_wconf 86' lang='lat' dir='ltr'>Episcopali</span> <span class='ocrx_word' id='word_1_220' title='bbox 294 2118 474 2163; x_wconf 85' lang='lat' dir='ltr'>reconciliatione,</span> <span class='ocrx_word' id='word_1_221' title='bbox 491 2117 537 2156; x_wconf 91' lang='lat' dir='ltr'>Deo</span> <span class='ocrx_word' id='word_1_222' title='bbox 553 2117 671 2157; x_wconf 79' lang='lat' dir='ltr'>sacrificare</span> <span class='ocrx_word' id='word_1_223' title='bbox 687 2118 829 2166; x_wconf 81' lang='lat' dir='ltr'>praesumitis,</span> <span class='ocrx_word' id='word_1_224' title='bbox 845 2118 911 2165; x_wconf 88' lang='lat' dir='ltr'>Quod</span> <span class='ocrx_word' id='word_1_225' title='bbox 928 2119 944 2158; x_wconf 91' lang='lat' dir='ltr'>si</span> 
     </span>
     <span class='ocr_line' id='line_1_28' title="bbox 157 2183 946 2232; baseline 0.004 -10"><span class='ocrx_word' id='word_1_226' title='bbox 157 2195 230 2223; x_wconf 87' lang='lat' dir='ltr'>verum</span> <span class='ocrx_word' id='word_1_227' title='bbox 246 2185 284 2230; x_wconf 86' lang='lat' dir='ltr'>est,</span> <span class='ocrx_word' id='word_1_228' title='bbox 301 2183 398 2232; x_wconf 85' lang='lat' dir='ltr'>protecto</span> <span class='ocrx_word' id='word_1_229' title='bbox 413 2184 558 2232; x_wconf 84' lang='lat' dir='ltr'>praesumptio</span> <span class='ocrx_word' id='word_1_230' title='bbox 574 2184 613 2223; x_wconf 85' lang='lat' dir='ltr'>ista</span> <span class='ocrx_word' id='word_1_231' title='bbox 628 2186 648 2223; x_wconf 90' lang='lat' dir='ltr'>et</span> <span class='ocrx_word' id='word_1_232' title='bbox 663 2195 717 2224; x_wconf 89' lang='lat' dir='ltr'>nova</span> <span class='ocrx_word' id='word_1_233' title='bbox 732 2187 766 2224; x_wconf 64' lang='lat' dir='ltr'>&#39;est</span> <span class='ocrx_word' id='word_1_234' title='bbox 788 2188 808 2224; x_wconf 88' lang='lat' dir='ltr'>et</span> <span class='ocrx_word' id='word_1_235' title='bbox 830 2184 902 2231; x_wconf 84' lang='lat' dir='ltr'>nimia,</span> <span class='ocrx_word' id='word_1_236' title='bbox 926 2187 946 2225; x_wconf 94' lang='lat' dir='ltr'>et</span> 
     </span>
     <span class='ocr_line' id='line_1_29' title="bbox 157 2248 945 2298; baseline 0.003 -10"><span class='ocrx_word' id='word_1_237' title='bbox 157 2248 220 2289; x_wconf 90' lang='lat' dir='ltr'>bonis</span> <span class='ocrx_word' id='word_1_238' title='bbox 235 2248 336 2289; x_wconf 91' lang='lat' dir='ltr'>omnibus</span> <span class='ocrx_word' id='word_1_239' title='bbox 351 2248 481 2289; x_wconf 84' lang='lat' dir='ltr'>insectanda.</span> <span class='ocrx_word' id='word_1_240' title='bbox 497 2248 556 2295; x_wconf 88' lang='lat' dir='ltr'>Quid</span> <span class='ocrx_word' id='word_1_241' title='bbox 571 2250 628 2289; x_wconf 90' lang='lat' dir='ltr'>enim</span> <span class='ocrx_word' id='word_1_242' title='bbox 644 2249 693 2288; x_wconf 89' lang='lat' dir='ltr'>mali</span> <span class='ocrx_word' id='word_1_243' title='bbox 709 2251 747 2296; x_wconf 89' lang='lat' dir='ltr'>est,</span> <span class='ocrx_word' id='word_1_244' title='bbox 764 2250 823 2298; x_wconf 86' lang='lat' dir='ltr'>quod</span> <span class='ocrx_word' id='word_1_245' title='bbox 839 2250 859 2289; x_wconf 94' lang='lat' dir='ltr'>in</span> <span class='ocrx_word' id='word_1_246' title='bbox 874 2253 945 2291; x_wconf 88' lang='lat' dir='ltr'>sancta</span> 
     </span>
     <span class='ocr_line' id='line_1_30' title="bbox 158 2314 945 2364; baseline 0.003 -10"><span class='ocrx_word' id='word_1_247' title='bbox 158 2314 251 2354; x_wconf 87' lang='lat' dir='ltr'>Ecclesia</span> <span class='ocrx_word' id='word_1_248' title='bbox 266 2314 381 2354; x_wconf 87' lang='lat' dir='ltr'>machinari</span> <span class='ocrx_word' id='word_1_249' title='bbox 398 2314 505 2363; x_wconf 83' lang='lat' dir='ltr'>incipitis?</span> <span class='ocrx_word' id='word_1_250' title='bbox 519 2314 587 2355; x_wconf 90' lang='lat' dir='ltr'>Vultis</span> <span class='ocrx_word' id='word_1_251' title='bbox 598 2314 648 2354; x_wconf 86' lang='lat' dir='ltr'>dare</span> <span class='ocrx_word' id='word_1_252' title='bbox 660 2317 729 2363; x_wconf 87' lang='lat' dir='ltr'>partes</span> <span class='ocrx_word' id='word_1_253' title='bbox 740 2315 841 2355; x_wconf 86' lang='lat' dir='ltr'>laicorum</span> <span class='ocrx_word' id='word_1_254' title='bbox 858 2315 945 2364; x_wconf 86' lang='lat' dir='ltr'>Presby-</span> 
     </span>
     <span class='ocr_line' id='line_1_31' title="bbox 157 2379 946 2428; baseline 0.003 -9"><span class='ocrx_word' id='word_1_255' title='bbox 157 2380 214 2427; x_wconf 85' lang='lat' dir='ltr'>teris‚</span> <span class='ocrx_word' id='word_1_256' title='bbox 232 2379 405 2428; x_wconf 84' lang='lat' dir='ltr'>Presbyterorum</span> <span class='ocrx_word' id='word_1_257' title='bbox 421 2379 494 2420; x_wconf 82' lang='lat' dir='ltr'>laicis?</span> <span class='ocrx_word' id='word_1_258' title='bbox 509 2379 551 2420; x_wconf 88' lang='lat' dir='ltr'>Ubi</span> <span class='ocrx_word' id='word_1_259' title='bbox 567 2380 629 2420; x_wconf 90' lang='lat' dir='ltr'>vobis</span> <span class='ocrx_word' id='word_1_260' title='bbox 644 2380 768 2420; x_wconf 91' lang='lat' dir='ltr'>conceditur</span> <span class='ocrx_word' id='word_1_261' title='bbox 783 2380 899 2420; x_wconf 88' lang='lat' dir='ltr'>Ecclesiam</span> <span class='ocrx_word' id='word_1_262' title='bbox 910 2384 946 2421; x_wconf 90' lang='lat' dir='ltr'>aut</span> 
     </span>
     <span class='ocr_line' id='line_1_32' title="bbox 158 2445 944 2494; baseline 0.003 -10"><span class='ocrx_word' id='word_1_263' title='bbox 158 2457 234 2485; x_wconf 89' lang='lat' dir='ltr'>novam</span> <span class='ocrx_word' id='word_1_264' title='bbox 251 2445 357 2492; x_wconf 91' lang='lat' dir='ltr'>dedicare,</span> <span class='ocrx_word' id='word_1_265' title='bbox 373 2448 409 2485; x_wconf 90' lang='lat' dir='ltr'>aut</span> <span class='ocrx_word' id='word_1_266' title='bbox 424 2446 556 2494; x_wconf 84' lang='lat' dir='ltr'>profanatam</span> <span class='ocrx_word' id='word_1_267' title='bbox 572 2445 723 2486; x_wconf 86' lang='lat' dir='ltr'>reconciliare?</span> <span class='ocrx_word' id='word_1_268' title='bbox 741 2445 782 2486; x_wconf 90' lang='lat' dir='ltr'>Sed</span> <span class='ocrx_word' id='word_1_269' title='bbox 797 2457 836 2486; x_wconf 89' lang='lat' dir='ltr'>nec</span> <span class='ocrx_word' id='word_1_270' title='bbox 851 2446 944 2487; x_wconf 89' lang='lat' dir='ltr'>Oratorii</span> 
     </span>
     <span class='ocr_line' id='line_1_33' title="bbox 157 2511 944 2560; baseline 0.003 -10"><span class='ocrx_word' id='word_1_271' title='bbox 157 2511 244 2559; x_wconf 82' lang='lat' dir='ltr'>quidem</span> <span class='ocrx_word' id='word_1_272' title='bbox 267 2511 356 2551; x_wconf 92' lang='lat' dir='ltr'>domum</span> <span class='ocrx_word' id='word_1_273' title='bbox 379 2511 440 2550; x_wconf 89' lang='lat' dir='ltr'>vobis</span> <span class='ocrx_word' id='word_1_274' title='bbox 464 2511 584 2558; x_wconf 79' lang='lat' dir='ltr'>aedificare,</span> <span class='ocrx_word' id='word_1_275' title='bbox 607 2512 646 2551; x_wconf 91' lang='lat' dir='ltr'>nisi</span> <span class='ocrx_word' id='word_1_276' title='bbox 672 2523 709 2559; x_wconf 91' lang='lat' dir='ltr'>per</span> <span class='ocrx_word' id='word_1_277' title='bbox 734 2511 864 2560; x_wconf 88' lang='lat' dir='ltr'>Episcopum</span> <span class='ocrx_word' id='word_1_278' title='bbox 889 2512 944 2553; x_wconf 90' lang='lat' dir='ltr'>licet.</span> 
     </span>
     <span class='ocr_line' id='line_1_34' title="bbox 158 2576 945 2625; baseline 0.004 -10"><span class='ocrx_word' id='word_1_279' title='bbox 158 2576 222 2616; x_wconf 85' lang='lat' dir='ltr'>Positi</span> <span class='ocrx_word' id='word_1_280' title='bbox 239 2588 331 2625; x_wconf 82' lang='lat' dir='ltr'>namque</span> <span class='ocrx_word' id='word_1_281' title='bbox 346 2577 396 2616; x_wconf 89' lang='lat' dir='ltr'>estis</span> <span class='ocrx_word' id='word_1_282' title='bbox 411 2577 500 2616; x_wconf 90' lang='lat' dir='ltr'>omnino</span> <span class='ocrx_word' id='word_1_283' title='bbox 515 2576 555 2616; x_wconf 92' lang='lat' dir='ltr'>sub</span> <span class='ocrx_word' id='word_1_284' title='bbox 571 2578 674 2625; x_wconf 88' lang='lat' dir='ltr'>potestate</span> <span class='ocrx_word' id='word_1_285' title='bbox 690 2577 781 2625; x_wconf 90' lang='lat' dir='ltr'>ipsius...</span> <span class='ocrx_word' id='word_1_286' title='bbox 804 2577 867 2617; x_wconf 88' lang='lat' dir='ltr'>Nunc</span> <span class='ocrx_word' id='word_1_287' title='bbox 884 2577 945 2618; x_wconf 86' lang='lat' dir='ltr'>vobis</span> 
     </span>
     <span class='ocr_line' id='line_1_35' title="bbox 157 2642 944 2691; baseline 0.001 -9"><span class='ocrx_word' id='word_1_288' title='bbox 157 2642 279 2682; x_wconf 87' lang='lat' dir='ltr'>charitative</span> <span class='ocrx_word' id='word_1_289' title='bbox 294 2642 344 2682; x_wconf 91' lang='lat' dir='ltr'>volo</span> <span class='ocrx_word' id='word_1_290' title='bbox 359 2642 456 2689; x_wconf 88' lang='lat' dir='ltr'>suadere,</span> <span class='ocrx_word' id='word_1_291' title='bbox 472 2644 494 2682; x_wconf 94' lang='lat' dir='ltr'>ut</span> <span class='ocrx_word' id='word_1_292' title='bbox 509 2654 561 2682; x_wconf 91' lang='lat' dir='ltr'>sano</span> <span class='ocrx_word' id='word_1_293' title='bbox 577 2642 667 2682; x_wconf 85' lang='lat' dir='ltr'>consilio</span> <span class='ocrx_word' id='word_1_294' title='bbox 683 2642 801 2691; x_wconf 89' lang='lat' dir='ltr'>praebeatis</span> <span class='ocrx_word' id='word_1_295' title='bbox 819 2654 944 2691; x_wconf 61' lang='lat' dir='ltr'>assensum</span> 
     </span>
     <span class='ocr_line' id='line_1_36' title="bbox 157 2707 945 2757; baseline 0.003 -10"><span class='ocrx_word' id='word_1_296' title='bbox 157 2708 183 2747; x_wconf 86' lang='lat' dir='ltr'>ad</span> <span class='ocrx_word' id='word_1_297' title='bbox 198 2707 353 2748; x_wconf 90' lang='lat' dir='ltr'>subiectionem</span> <span class='ocrx_word' id='word_1_298' title='bbox 366 2708 465 2757; x_wconf 89' lang='lat' dir='ltr'>Episcopi</span> <span class='ocrx_word' id='word_1_299' title='bbox 481 2709 543 2747; x_wconf 89' lang='lat' dir='ltr'>vestri</span> <span class='ocrx_word' id='word_1_300' title='bbox 554 2708 679 2756; x_wconf 89' lang='lat' dir='ltr'>simpliciter</span> <span class='ocrx_word' id='word_1_301' title='bbox 694 2707 796 2748; x_wconf 82' lang='lat' dir='ltr'>redeatis:</span> <span class='ocrx_word' id='word_1_302' title='bbox 812 2708 839 2747; x_wconf 92' lang='lat' dir='ltr'>de</span> <span class='ocrx_word' id='word_1_303' title='bbox 854 2711 945 2757; x_wconf 87' lang='lat' dir='ltr'>praeter·</span> 
     </span>
    </p>
   </div>
   <div class='ocr_carea' id='block_1_7' title="bbox 0 0 992 3157">
    <p class='ocr_par' dir='ltr' id='par_1_7' title="bbox 0 0 992 3157">
     <span class='ocr_line' id='line_1_37' title="bbox 0 0 992 3157; baseline 0 0"><span class='ocrx_word' id='word_1_304' title='bbox 0 0 992 3157; x_wconf 95' lang='lat' dir='ltr'> </span> 
     </span>
    </p>
   </div>
  </div>
 </body>
</html>
