1924 3132
362 182 503 211 ruraooncrro
815 175 826 208 7

93 300 178 340 Praeter
195 300 264 341 tontes
280 300 454 349 insequentibus
471 300 574 349 allegatos
592 300 695 349 pernrulta
710 301 750 341 alia
765 300 826 341 chro-

39 368 93 413 nica,
102 365 212 406 cartularia
222 366 346 416 similesque
356 365 494 406 collectiones
504 365 692 413 documentorum,
702 362 825 415 praesertim

39 443 64 472 ex
74 429 144 470 Gallia
155 432 175 470 et
186 430 296 479 Hispania,
309 442 363 480 quae
379 442 417 479 pro
433 430 472 470 hac
484 432 551 470 aetate
565 431 678 480 praecipue
689 431 709 470 in
720 422 826 480 quaestio-

39 508 87 537 nem
103 496 197 544 veniunt,
209 508 252 535 non
264 496 366 545 neglectis
381 495 426 535 aliis
437 495 568 544 regionibus,
581 495 693 543 diligenter
708 496 826 536 examinata

39 562 94 607 sunt,
111 560 131 599 in
147 560 225 609 quibus
240 561 321 600 nullum
332 560 450 609 uestigium
466 560 492 600 de
507 560 619 600 interdicto
635 562 740 609 apparuit.

93 625 274 678 Bibliographianr
291 626 384 666 invenies
399 625 456 674 apud
471 628 568 666 auctores
588 625 665 674 quide
687 626 774 666 historia
797 627 826 666 in·

39 691 120 733 terdicti
136 693 156 731 et
171 692 197 731 de
213 692 257 731 iure
272 691 376 732 canonico
391 684 528 740 scripserunt.
544 690 614 740 Aliqui
640 691 673 731 hic
696 692 824 734 indicantur:

38 758 63 798 Ε.
73 757 90 796 Ι.
103 756 196 803 Conron,
207 756 252 796 The
263 756 361 796 interdict
369 754 434 813 (Diss.
443 754 593 805 Washingtonl
604 757 655 796 1930
663 771 667 804 ;
676 757 699 796 L.
711 756 825 807 Oodefrop,

40 822 184 862 Dictionnaire
199 821 225 861 de
240 821 358 870 The‘ologie
373 814 462 861 Carnorj
475 821 512 861 Vll
527 823 592 868 2282;
608 820 636 861 A.
652 821 722 869 Haas,
739 822 783 862 Das
794 823 825 862 ln-

39 886 122 934 terdikt,
139 887 200 927 Bonn
224 888 285 933 1929;
301 886 358 926 Paul
370 885 497 933 Hinsclzius,
521 886 602 935 system
618 886 656 926 des
677 887 756 927 hathol.
780 888 826 930 Kir-

39 952 171 1007 chenrechts,
187 952 230 992 vol.
247 952 274 992 lV
289 954 309 992 et
323 952 349 999 V,
366 951 435 991 Berlin
452 953 510 998 1888,
533 953 571 999 95;
593 951 618 991 F.
643 952 719 999 Kober,
736 952 779 999 Das
795 953 826 992 ln-

39 1017 122 1064 terdiht,
139 1018 170 1057 in:
186 1017 264 1058 Archiv
278 1017 293 1057 f.
309 1016 388 1057 kathol.
406 1016 557 1059 Kirchenrecht
571 1016 614 1057 vol.
630 1018 653 1057 21
671 1020 691 1057 et
705 1019 731 1057 22
747 1016 824 1065 (l869l;

39 1084 64 1124 Ε,
80 1082 187 1129 Krelzbiel,
203 1082 248 1122 The
264 1081 369 1128 Interdict,
386 1082 412 1122 its
432 1081 512 1131 history
533 1082 574 1122 and
595 1082 620 1121 its
642 1079 753 1131 operation
775 1083 826 1123 with

39 1148 116 1198 special
128 1148 230 1188 attention
241 1150 263 1187 to
273 1147 308 1187 the
318 1147 369 1186 time
380 1146 402 1186 oi
415 1158 471 1196 pope
487 1147 588 1187 innocent
599 1146 625 1186 lll
637 1144 702 1193 (Diss.
714 1148 826 1197 Washing-

39 1211 84 1259 ton)
103 1214 163 1260 1909;
178 1213 195 1253 I.
207 1213 232 1253 Β.
244 1213 338 1261 Hearing,
350 1212 419 1251 Lexilr.
431 1211 446 1252 1.
457 1211 533 1252 Theol.
545 1224 566 1252 u.
578 1211 654 1254 Kirche
669 1211 767 1264 1111933)
778 1214 825 1258 435.
