1924 3132
305 149 433 187 sexiaroaes,
446 149 557 178 EPlSTOLAE
801 141 824 177 29

37 272 104 314 taliter
119 271 139 310 in
155 273 271 319 conspectu
286 273 356 310 vestro
371 270 471 324 volumus
485 269 530 309 fieri
553 270 607 309 sicut
628 268 700 309 subter
722 270 823 308 insertum

38 340 74 385 est,
91 336 152 376 vobis
168 337 188 375 in
204 336 278 376 eadem
294 335 477 382 consentientibus
491 335 524 375 vel
543 334 733 393 subscribentibus.

0 400 2 403 ’
90 402 188 443 Sanctam
204 402 275 451 itaque
290 401 423 441 individuam
440 402 563 441 invocantes
578 401 711 448 Trinitatem,
723 400 823 440 auxilium

0 466 2 507 ἶ
37 480 123 519 quoque
134 468 230 507 omnium
239 470 361 507 sanctorum
371 467 433 507 nobis
442 469 538 516 petentes
546 478 666 513 exoramus,
676 470 699 506 ut
707 466 823 505 Amaldum

0 541 1 544 ’
37 538 56 575 et
67 533 188 579 Radulfum,
198 533 233 581 qui
243 534 326 572 animos
337 531 466 572 Comitissae
475 532 626 581 Ermengardis
634 532 666 571 vel
676 533 759 571 animos
769 531 824 571 filio-

0 598 1 601 ’
37 611 82 640 rum
94 599 148 638 illius
159 598 185 638 ad
196 598 238 638 hoc
253 599 372 644 incitarunt,
382 601 404 638 ut
413 590 519 637 auferrent
534 598 681 646 episcopatum
694 597 824 637 Cerdanien-

37 676 81 705 sem
101 664 133 703 vel
149 664 295 712 episcopatum
312 663 338 702 de
353 663 479 703 Berchitano
495 662 521 702 de
537 664 581 702 iure
596 663 628 702 vel
644 662 725 702 ditione
740 665 824 702 sanctae

38 731 115 770 Mariae
130 729 181 769 sede
191 729 244 769 Vico
255 729 287 768 vel
296 728 322 768 de
331 730 435 777 potestate
450 727 526 768 Sallani
543 729 651 777 Episcopi,
661 729 681 767 et
692 727 793 768 omnibus
804 728 824 767 in

38 797 78 836 hoc
92 806 164 835 errore
178 794 368 840 consentientibus,
385 794 492 834 Dominus
508 794 527 833 in
543 806 581 834 sua
596 795 672 833 virtute
682 795 824 842 comprimere

37 873 74 901 eos
89 863 109 901 et
123 860 208 900 brachia
224 861 308 900 illorum
324 860 410 908 alligare
426 860 532 909 dignetur.
544 860 661 908 Sequentes
671 871 759 909 quoque
774 871 824 908 apo-

37 927 132 967 stolicam
148 927 283 973 sententiam,
300 937 337 965 eos
352 928 372 965 et
388 938 463 966 omnes
478 937 580 974 sequaces
595 937 669 965 eorum
685 938 696 965 a
716 924 825 964 liminibus

37 995 120 1033 sanctae
135 991 174 1031 Dei
196 992 301 1032 Ecclesiae
323 994 489 1040 sequestramus
506 993 552 1031 eta
574 1003 665 1040 corpore
680 993 700 1031 et
721 991 825 1039 sanguine

38 1058 124 1097 Domini
140 1058 205 1097 nostri
231 1058 277 1097 lesu
302 1056 380 1097 Christi
405 1068 535 1106 separamus,
552 1060 572 1096 et
594 1056 620 1096 ab
634 1058 693 1096 omni
716 1057 824 1096 consortio

36 1127 119 1163 sanctae
143 1123 252 1171 religionis
277 1122 410 1162 Christianae
438 1123 592 1171 disrumpimus
620 1123 678 1171 ipsos
703 1125 722 1162 et
747 1133 823 1161 omnes

37 1189 165 1238 quicumque
181 1188 275 1237 partibus
291 1188 375 1228 illorum
398 1189 544 1228 consenserint
568 1190 603 1228 aut
628 1188 668 1227 illis
693 1188 822 1227 adiutorium

38 1254 178 1304 praebuerint.
195 1253 227 1293 ab
242 1254 347 1294 hodierno
363 1253 397 1293 die
412 1261 432 1293 et
447 1254 548 1302 deinceps
570 1253 675 1293 maledicti
699 1256 719 1293 et
740 1265 824 1293 excom-

38 1321 136 1360 municati
163 1323 300 1369 permaneant
322 1331 434 1369 usquequo
449 1320 476 1359 ad
490 1320 657 1360 satisfactionem
682 1320 766 1359 veniant
790 1321 825 1358 aut

38 1387 108 1426 venire
123 1386 235 1426 voluerint.
251 1386 271 1426 Si
287 1386 335 1434 quis
350 1397 400 1426 vero
415 1382 520 1434 superbus
535 1388 570 1425 aut
585 1388 700 1425 contumax
721 1385 770 1424 huic
787 1396 825 1424 no-

38 1454 91 1491 strae
106 1451 225 1491 definitioni
243 1451 349 1491 adsentire
359 1452 458 1497 noluerit,
471 1451 503 1490 vel
514 1450 568 1491 hanc
579 1451 824 1490 excommunicationem

38 1516 150 1557 observare
165 1516 288 1565 neglexerit,
305 1517 361 1556 hunc
376 1517 449 1556 divino
465 1516 511 1556 zelo
527 1517 609 1556 accensi
625 1528 673 1555 curn
690 1516 741 1555 luda
751 1516 824 1555 Domi·

38 1583 57 1621 ni
74 1582 183 1630 proditore
204 1586 288 1622 aeterna
313 1582 423 1631 punitione
447 1582 486 1622 sub
502 1582 642 1622 anathematis
666 1582 759 1628 vinculo,
785 1582 824 1620 nisi

39 1649 155 1697 resipuerit,
173 1649 193 1687 in
207 1648 290 1688 inferno
306 1648 429 1687 damnatum
448 1648 601 1687 contradimus.
624 1647 667 1693 Qui
682 1659 740 1687 uero
763 1647 825 1695 hujus

38 1714 264 1753 excommunicationis
280 1726 318 1762 pro
335 1713 373 1752 Dei
389 1714 466 1753 timore
481 1713 606 1753 observator
621 1714 718 1760 extiterit,
735 1713 823 1761 gratiam

38 1781 57 1817 et
72 1779 240 1818 misericordiam
256 1791 267 1818 a
282 1778 377 1818 Domino
400 1781 474 1818 nostro
500 1778 546 1818 lesu
562 1778 648 1818 Christo
672 1781 823 1827 consequatur.

38 1842 113 1884 Amen.
129 1843 184 1883 Salla
195 1845 261 1892 gratia
270 1844 309 1883 Dei
321 1844 440 1893 Episcopus
451 1843 586 1892 Orgellensis
595 1843 644 1883 huic
654 1846 733 1883 statuto
742 1846 824 1890 nostro,

39 1909 58 1946 in
74 1920 117 1957 quo
132 1912 198 1949 totam
214 1921 299 1949 causam
316 1909 354 1948 Dei
370 1909 450 1957 judicio
465 1910 621 1956 commisimus,
637 1908 791 1949 subscribimus
806 1911 826 1948 et

38 1974 198 2014 confirmamus.
214 1973 333 2014 himericus
349 1975 468 2023 Episcopus
484 1973 590 2014 Ecclesiae
601 1975 762 2024 Ripacurcensis
772 1974 826 2013 hanc

38 2041 210 2080 constitutionem
226 2040 351 2096 confirmari
368 2043 430 2089 atque
445 2037 585 2089 subscripsi.l

84 2116 182 2160 Buluzius,
196 2115 310 2161 Capitularia
324 2115 397 2161 Regum
412 2116 527 2152 Francorum
541 2116 556 2151 11
570 2115 825 2160 675s,Paris1780;Maa-

37 2174 59 2218 si,
73 2175 123 2212 XVll
138 2176 234 2222 appendix
248 2176 316 2220 roim
331 2176 361 2211 Pl.
375 2176 403 2221 87,
419 2177 459 2212 050.

91 2283 203 2320 ¹Baluains
224 2284 288 2320 addit:
310 2283 364 2328 Salia,
381 2284 495 2330 Episcopus
511 2283 629 2329 Urgellensis
649 2282 699 2319 filius
720 2283 755 2319 fuit
768 2283 826 2319 lsarni

37 2341 158 2379 Vicecomitis
172 2344 295 2389 Urgellensis,
305 2345 323 2379 et
332 2343 387 2379 frater
401 2343 490 2379 Bernardi
504 2343 625 2379 Vicecomitis
640 2343 763 2388 Urgellensis.
776 2343 826 2379 Ante

37 2412 82 2438 vero
96 2415 153 2449 quam
168 2404 275 2449 Episcopus
288 2403 347 2447 fieret,
361 2406 400 2439 erat
413 2403 565 2439 Archidiaconus
579 2404 702 2448 Urgellensis.
718 2403 825 2438 bernardus

38 2463 100 2498 autem
114 2474 194 2499 uxorem
209 2463 275 2499 habuit
288 2463 375 2499 Guistam
389 2463 559 2499 Vicecomitissam.
577 2463 627 2498 Salla
648 2465 686 2498 erat
707 2463 769 2498 adhuc
783 2463 826 2507 Epi·

38 2531 108 2567 scopus
122 2523 152 2560 lV.
167 2523 234 2558 Nonas
248 2522 289 2558 lulii
302 2533 353 2558 anno
367 2522 491 2566 duodecimo,
504 2524 595 2568 regnante
617 2521 700 2560 Roberto
720 2522 776 2567 Rege.
790 2522 826 2557 Ista

38 2590 74 2625 ego
88 2583 156 2628 collegi
170 2594 193 2618 ex
206 2583 301 2619 veteribus
314 2583 447 2618 Monumentis
467 2582 562 2618 Ecclesiae
582 2582 705 2627 Urgellensis,
718 2582 742 2632 in
757 2582 826 2627 quibus

38 2639 133 2684 praeterea
151 2643 251 2688 leguntur:
270 2642 320 2679 Salla
333 2642 440 2688 Episcopus
455 2642 526 2687 Urgell.
548 2642 597 2678 sedit
610 2642 628 2677 in
643 2641 758 2688 Episcopatu
772 2642 826 2677 annis

37 2699 118 2745 triginta.
131 2702 168 2738 lste
181 2705 258 2738 sanctus
271 2702 353 2738 creditur
366 2712 377 2737 a
390 2702 459 2737 multis.
474 2702 493 2745 L.
506 2712 522 2737 c.
537 2703 551 2737 ll
566 2702 613 2737 1304
