1975 3157
140 197 163 232 38
386 203 479 233 DECRETA
493 203 543 233 Rom.
557 202 685 232 PONTlFlCUNl

139 323 185 363 sine
199 322 336 372 Apostolicae
351 322 412 362 Sedis
427 323 510 362 licentia
525 322 584 362 nullo
600 322 666 362 modo
682 317 878 362 excommunicetur
892 325 928 363 aut
981 332 982 336 ’

140 388 283 436 interdicatur,
300 389 363 428 etiam
378 388 395 428 si
410 388 465 428 torte
482 388 595 436 contigerit
610 388 764 428 Carnotensem
780 390 815 427 aut
829 386 927 436 Andega-

140 465 226 494 vensem
236 454 324 503 patriam
336 465 375 502 pro
386 453 454 503 culpis
464 453 594 503 quibuslibet
609 453 800 500 excommunicari;
812 454 840 493 ita
848 455 926 501 tamen,

140 522 163 559 ut
177 520 374 559 excommunicatos
389 519 428 568 ipsi
444 531 487 559 non
502 519 626 569 suscipiant.
643 519 718 568 Neque
729 519 792 558 etiam
803 517 898 558 subditas
909 520 927 559 ei

140 585 203 624 cellas
221 584 351 633 ubicumque
369 585 418 632 sint,
434 585 619 625 excommunicare
637 584 669 624 vel
686 584 810 624 interdicere
828 584 927 633 cuiquam
982 592 984 636 ᾗ

140 650 208 697 liceat,
220 650 259 690 nisi
275 651 337 690 certis
352 662 391 699 pro
406 649 482 698 culpis,
494 662 546 699 quas
561 650 725 690 Vindocinensis
740 649 805 689 abbas
820 651 840 689 et
854 649 928 689 iratres

140 716 242 756 canonice
257 715 283 755 ab
298 716 401 764 episcopo
417 715 520 755 admoniti
536 715 650 755 emendare
665 715 839 764 contempserint.

193 795 286 832 Analecta
300 795 346 831 luris
360 795 454 832 Pontificii
467 796 484 832 Χ
497 793 560 840 (1869)
573 795 616 839 534,
630 795 652 831 lL
665 796 717 832 5511.

454 912 458 915 ’
516 946 571 990 153.

197 1053 255 1100 1094,
270 1053 338 1093 Mori.
354 1053 387 1093 31.
406 1051 507 1092 Urbanus
520 1052 543 1092 Il
555 1051 632 1092 Amoto
647 1051 804 1101 archiepiscopo
820 1051 928 1100 Burdoga·

140 1117 196 1158 lensi
210 1116 338 1164 (Burdeoux)
353 1117 424 1167 legato
438 1117 496 1157 sedis
510 1119 588 1166 apost,
599 1117 662 1158 Petro
676 1116 806 1157 Pictaviepsi
820 1115 927 1163 (Poiiiers)

67 1185 68 1188 ’
141 1185 162 1222 et
174 1183 292 1232 Romuulfo
306 1183 447 1223 Souctopepsi
462 1180 563 1229 (Saintes)
579 1183 690 1231 episcopis.

195 1266 284 1312 Noverit
299 1272 384 1312 dilectio
399 1274 467 1312 vestra
482 1283 522 1312 nos
537 1272 696 1312 commonuisse
707 1272 852 1312 pictavensem
863 1272 928 1312 comi·

140 1341 191 1384 tem,
203 1340 226 1378 ut
236 1337 341 1386 quidquid
351 1338 504 1378 Vindocinensi
515 1334 644 1383 (Vendcimel
655 1337 762 1377 coenobio
773 1336 866 1384 abstulit,
876 1337 929 1377 inira
983 1325 985 1328 ’

140 1404 226 1452 triginta
244 1403 296 1450 dies,
317 1405 430 1452 postquam
449 1402 527 1442 litteras
545 1404 628 1442 nostras
647 1403 771 1451 susceperit,
792 1403 861 1442 eidem
880 1402 928 1442 loco
982 1400 986 1433 Ῑ

141 1469 242 1508 restituat.
259 1467 325 1515 Quod
340 1468 356 1507 si
372 1467 460 1508 obedire
475 1468 634 1517 contempserit,
646 1479 695 1508 eurn
710 1469 764 1508 sicut
774 1467 928 1517 expoliatorem
986 1476 987 1479 ’

140 1533 196 1573 beati
207 1534 262 1573 Petri
273 1533 300 1573 ab
308 1533 432 1583 Apostolica
441 1532 495 1573 Sede
505 1534 713 1573 excommunicatum
725 1533 853 1582 agnoscatis.
862 1532 929 1574 Vobis
983 1560 987 1588 ;

141 1611 228 1647 quoque
243 1600 393 1648 praecipimus,
406 1602 428 1639 ut
438 1599 497 1647 quod
513 1599 533 1638 in
549 1599 618 1648 ipsum
634 1598 712 1639 iactum
728 1598 829 1646 noscitur,
842 1598 929 1638 minime
984 1595 987 1634 ζ

140 1665 237 1712 taceatis;
253 1667 273 1704 et
289 1665 399 1704 universae
414 1667 481 1704 terrae
492 1664 547 1704 illius
558 1664 686 1704 interdicatis
697 1675 762 1704 omne
772 1663 868 1703 divinum
882 1663 929 1703 otii·
985 1700 987 1703 ,

140 1729 205 1777 cium,
221 1731 310 1778 excepto
328 1729 462 1778 baptismate,
479 1731 500 1769 ct
517 1729 652 1769 confessione
670 1740 744 1769 eorum
763 1729 799 1778 qui
817 1729 835 1769 ei
854 1729 875 1768 in
891 1740 929 1769 sua
986 1756 988 1774 :

140 1794 219 1835 malitia
232 1806 275 1834 non
286 1795 439 1835 consenserint.
455 1794 614 1835 Vindocinense
629 1793 758 1834 coenobium
775 1794 927 1843 patrimonium
985 1791 987 1819 ³

140 1859 195 1900 beati
206 1860 261 1899 Petri
277 1862 297 1899 et
311 1859 351 1899 sub
367 1861 475 1903 Romanae
489 1859 594 1900 Ecclesiae
610 1860 703 1909 positum
719 1859 852 1906 defensione,
864 1871 928 1899 nerno

140 1928 233 1965 vestrum
249 1925 341 1965 dubitat:
358 1925 437 1965 idcirco
452 1925 498 1973 ejus
513 1926 600 1973 injurias
615 1937 652 1974 per
666 1925 811 1974 nosmetipsos
822 1925 929 1964 vindicare
986 1938 988 1943 ·

141 1990 281 2030 decrevimus.
298 1990 323 2030 Et
337 2002 364 2030 ne
379 2002 452 2031 comes
466 1990 579 2031 adversum
595 2003 634 2031 nos
649 1991 785 2030 occasionem
802 1991 901 2030 inveniat.
987 1994 988 2004 ¹

194 2056 286 2107 Analecta
300 2071 346 2107 runs
361 2070 455 2107 bonnaci
468 2071 485 2107 x
498 2069 561 2116 (isos)
574 2071 619 2115 536,
633 2071 655 2107 n
668 2071 720 2107 5517.

517 2215 573 2260 159.

197 2322 256 2362 1094.
274 2321 374 2362 Urbanus
384 2322 406 2361 II
419 2322 524 2362 Durondo
534 2317 675 2362 Arvernorum
686 2319 814 2371 (Auvergne)
825 2322 928 2370 episcopo.

143 2386 208 2427 Curet
220 2388 245 2427 ut
258 2387 355 2427 cononici
363 2386 517 2427 Bibliomenses
532 2387 653 2427 coenobium
663 2388 689 2427 B.
700 2387 755 2435 Lupi
764 2388 822 2437 quod
832 2387 931 2427 violenter

141 2452 271 2502 invaserunt,
289 2452 466 2492 Clunioceusibus
480 2453 601 2493 restituant.

195 2541 215 2581 Si
227 2544 297 2581 autem
309 2544 393 2582 nostrae
403 2541 453 2581 huic
467 2541 556 2589 iussioni
568 2541 724 2582 bibliomenses
734 2536 830 2582 canonici
842 2542 930 2583 obedire

141 2608 315 2656 contempserint,
328 2607 422 2647 divinum
439 2607 464 2647 iis
479 2607 575 2647 officium
587 2607 715 2655 interdicito,
727 2607 868 2657 quoadusque
881 2608 929 2648 resi·

142 2673 246 2722 piscentes
257 2672 408 2713 Celsiniacensi
420 2671 582 2721 (Sauxillanges)
594 2673 716 2722 praeposito
731 2675 752 2713 et
766 2673 865 2713 iratribus
876 2685 930 2721 quae

142 2738 275 2788 diripuerunt
290 2739 406 2778 restituant.
423 2738 489 2785 Quod
504 2739 520 2778 si
536 2738 664 2788 episcopalis
679 2739 809 2779 auctoritatis
826 2738 929 2788 judicium
