1975 3157
168 118 191 154 26
435 126 563 163 scnrcroacs,
577 126 688 155 EPISTOLAE

167 247 195 286 illi
211 246 328 287 debebatur
343 247 416 286 exdie
432 258 475 296 quo
491 248 582 296 primum
598 246 685 287 tundata
701 250 739 287 est.
762 246 875 287 Vuidricus
897 248 953 286 enim

167 313 253 361 quidam
269 324 342 353 comes
358 313 484 362 depravatus
499 312 588 352 consilio
604 312 738 361 quorundam
755 313 877 361 iniquorum
886 312 954 352 bomi-

167 390 217 417 num
233 378 278 418 lieri
295 378 354 418 iussit
369 378 470 427 prefatam
489 378 599 427 capellam.
617 378 646 417 Ex
669 378 728 418 cuius
751 377 838 426 indigne
859 380 954 418 constru-

167 444 243 484 ctionis
257 443 321 491 lacto,
338 456 388 483 mox
403 443 542 493 proclamatio
557 443 610 483 lacta
626 446 664 491 est,
680 444 754 492 sicque
776 444 863 484 veniens
881 443 954 483 ludel-

168 521 222 556 mus,
238 509 343 549 Tullensis
358 510 479 559 episcopus,
497 507 601 555 (895-906)
617 509 643 549 ad
652 508 744 549 eundem
756 509 835 555 locum,
848 509 953 549 notarium

123 601 127 606 -
168 576 233 623 ipsius
248 575 341 623 capellae
363 575 443 622 evertit,
467 586 580 623 campanas
602 586 650 614 cum
673 573 766 615 vestibus
787 574 955 615 sacerdotalibus

167 652 238 680 secum
255 640 336 687 detulit,
353 642 420 689 ipsam
436 640 539 689 capellam
554 640 865 680 anathematizavitsecundum
876 640 954 680 aeccle-

166 707 271 746 siasticam
287 707 433 746 auctoritatem
449 717 567 754 omnesque
582 706 618 754 qui
634 706 660 745 ad
675 706 793 754 predictum
809 706 880 745 locum
896 705 954 745 dein-

167 783 217 820 ceps
232 772 364 811 attenderent
378 783 390 811 a
404 770 513 811 liminibus
528 770 631 826 catholice
646 771 747 811 aecclesie
763 770 862 820 reppulit.
883 770 954 817 Quam

167 849 211 876 rem
227 837 302 886 Drogo
317 837 432 886 episcopus
447 835 554 886 (Drogon,
570 849 605 885 ep.
627 834 733 883 <loo-922),
757 847 867 876 successor
889 837 955 886 ipsius

167 903 188 942 in
203 903 286 951 synodo
310 905 381 942 sancta
406 902 544 941 nibilominus
568 902 638 941 verbis
654 904 674 941 et
699 901 955 942 excommunicationibus

167 968 308 1008 confirmavit.
326 968 350 1007 Et
365 968 399 1007 tali
416 967 491 1007 ordine
507 967 622 1017 prescripta
637 967 719 1015 capella
741 968 761 1006 in
778 968 835 1006 omni
858 970 955 1016 tempore

168 1032 252 1072 detenta
267 1035 298 1072 est
313 1035 333 1072 et
348 1033 477 1081 proclamata
493 1033 553 1079 iuste,
570 1032 639 1072 donec
650 1033 695 1082 ipsa
704 1044 736 1072 res
745 1032 771 1072 ad
780 1035 860 1072 certum
871 1033 955 1072 devenit

167 1098 232 1138 tinem
248 1099 268 1137 in
285 1099 389 1147 presentia
404 1097 503 1138 Gauzlini
519 1097 624 1138 Tullensis
639 1098 734 1147 episcopi
757 1097 800 1147 lep.
822 1097 919 1144 922-962)
935 1100 955 1138 et

167 1162 309 1203 Adalberonis
323 1163 433 1203 Mettensis
449 1163 545 1212 presulis.
562 1164 617 1203 Nam
633 1175 681 1203 cum
697 1163 746 1203 inde
761 1163 894 1212 temporibus
910 1164 955 1203 illo-

168 1241 214 1268 rum
230 1229 294 1278 longa
309 1229 417 1269 contentio
433 1229 486 1268 tacta
506 1228 587 1276 luisset,
611 1241 682 1269 rursus
701 1228 819 1270 Gauzlinus
841 1229 956 1278 episcopus

168 1294 257 1333 eandem
273 1294 396 1334 aecclesiam
419 1294 528 1342 destruxit,
552 1295 751 1341 excommunicavit,
776 1295 956 1343 domummagis

167 1371 243 1399 canum
259 1371 323 1408 quam
338 1362 459 1399 sanctarum
475 1360 611 1409 reliquiarum
627 1372 673 1400 esse
688 1360 807 1400 destinavit.
824 1359 886 1406 Quae
906 1372 956 1400 con·

168 1426 241 1472 tentio,
258 1426 316 1465 iussu
331 1424 418 1465 Ottonis
434 1425 493 1465 ducis
509 1424 674 1475 (lotharingiae)
695 1429 715 1466 et
730 1426 824 1469 Rotberti
848 1425 956 1475 archyepi-

167 1491 227 1539 scopi
243 1489 388 1538 (TrevirensiS,
404 1489 509 1539 <lar-956),
526 1491 552 1531 ad
568 1492 631 1531 talem
649 1491 734 1531 tandem
758 1492 853 1540 pervenit
875 1492 954 1531 tinem:

169 1557 188 1596 in
204 1556 253 1596 villa
267 1556 345 1596 alciaco
360 1557 422 1596 simul
438 1558 589 1597 convenientes
603 1569 654 1605 sepe
669 1557 704 1597 tati
720 1558 815 1606 episcopi
838 1556 957 1597 Gauzlinus

168 1625 188 1662 et
212 1622 319 1662 Adalbero
343 1634 391 1662 cum
414 1622 458 1662 suis
479 1634 504 1662 ex
526 1624 615 1671 utraque
638 1624 702 1671 parte
722 1622 913 1671 archydiaconibus
936 1624 957 1662 et

169 1688 269 1728 ministris
284 1688 433 1728 aecclesiarum
449 1692 530 1737 septem
554 1688 684 1737 presbiteros
705 1688 801 1728 iecerunt
823 1701 848 1728 ex
868 1690 957 1736 utraque

169 1755 227 1802 parte
240 1754 315 1800 iurare,
331 1755 354 1793 ut
364 1765 389 1793 ex
404 1753 445 1793 hoc
459 1765 508 1793 vera
516 1753 617 1793 dicerent.
634 1752 699 1799 Quod
715 1756 869 1793 sacramentum
886 1765 957 1802 perac-

168 1821 220 1866 tum,
238 1830 313 1859 omnes
327 1831 369 1858 una
383 1831 436 1859 voce
451 1818 548 1858 dixerunt
563 1819 639 1858 iniuste
654 1819 756 1867 capellam
774 1819 839 1859 tuisse
856 1821 956 1859 structam

169 1887 188 1924 et
210 1885 315 1924 decimam
340 1884 366 1924 ab
390 1884 491 1924 aecclesia
515 1885 580 1924 sancti
606 1884 716 1924 Michaelis
737 1884 807 1924 Aciaci
830 1884 878 1924 ville
901 1883 957 1924 abla-

168 1952 219 1990 tam.
235 1949 312 1998 Sicque
327 1950 406 1989 iudicio
421 1950 573 1998 episcoporum
588 1952 609 1989 et
624 1949 837 1999 archydiaconorum,
855 1949 956 1998 presbite-

169 2026 249 2062 rorum,
272 2015 376 2055 nobilium
392 2018 413 2054 et
428 2014 555 2064 ignobilium
580 2015 682 2061 virorum,
708 2015 830 2062 Bransinus,
854 2014 957 2064 presbiter

169 2081 294 2127 Nouisartis‚
311 2080 403 2120 reddidit
419 2092 456 2130 per
471 2080 556 2120 vadium
572 2080 706 2128 Gontlraldo,
716 2080 834 2129 presbitero
843 2081 957 2121 aecclesiae

168 2147 233 2185 sancti
250 2146 342 2193 Martini,
359 2147 425 2195 ipsam
442 2146 546 2186 decimam
569 2149 590 2186 et
612 2146 701 2186 tetardo
724 2158 778 2195 pape
800 2146 884 2186 cenobii
907 2146 956 2186 almi

168 2211 285 2258 Micabelis‚
302 2214 322 2251 et
337 2213 382 2260 ipsa
397 2210 477 2260 capella
492 2223 503 2250 a
518 2211 662 2251 fundamentis
677 2211 783 2251 destructa
798 2214 836 2258 est,
853 2213 872 2251 et
892 2214 957 2251 aeter-

169 2277 243 2316 naliter
258 2276 413 2317 aecclesiastico
428 2288 488 2316 more
513 2277 634 2325 dampnata,
658 2288 684 2316 ne
706 2288 808 2325 umquam
831 2277 958 2317 instauretur

169 2354 208 2382 nec
223 2342 305 2382 decima
321 2354 332 2382 a
347 2342 427 2391 prelata
442 2342 543 2382 aecclesia
558 2343 671 2382 auferatur.
688 2342 734 2382 Hac
749 2354 800 2391 ergo
821 2343 957 2382 contentione

169 2408 264 2457 legaliter
278 2408 345 2455 linita,
362 2408 470 2447 decretum
486 2410 517 2448 est
532 2407 558 2447 ab
574 2408 681 2457 episcopis
696 2410 716 2448 et
731 2407 757 2447 ab
773 2407 874 2448 omnibus
889 2409 924 2457 qui
936 2397 956 2447 in

169 2473 245 2513 eodem
261 2473 346 2513 fuerunt
360 2476 466 2513 conventu
481 2476 504 2513 ut
519 2473 568 2513 inde
583 2474 685 2523 scriptum
701 2473 741 2513 tale
756 2474 835 2513 iactum
858 2477 920 2521 esset,
937 2474 957 2513 in

169 2550 212 2588 quo
228 2540 306 2588 posteri
322 2541 500 2587 recognoscerent
515 2538 605 2588 qualiter
619 2551 683 2588 super
698 2538 769 2579 haere
781 2539 859 2579 lactum
875 2540 956 2586 fuisset,

169 2604 235 2651 Quod
250 2606 352 2653 scriptum
368 2605 451 2653 utrique
466 2605 561 2653 episcopi
577 2604 623 2644 fieri
639 2606 752 2645 iusserunt.
769 2604 789 2645 Si
805 2605 853 2653 quis
871 2606 958 2653 prescri-

173 2672 229 2718 ptam
245 2670 348 2719 capellam
364 2670 488 2710 temerarius
510 2670 625 2710 instaurare
647 2670 737 2710 voluerit
759 2673 779 2711 et
793 2671 895 2719 scriptum
917 2670 959 2710 hoc
