1924 3132
287 160 380 191 oecaern
394 160 444 190 aon.
458 159 586 188 eonriricun
809 152 831 186 17

43 280 186 320 eliminaretis.
202 278 268 325 Quod
283 280 299 319 si
315 291 378 319 causa
393 279 522 327 cupiditatis,
534 282 570 318 aut
580 290 653 318 amore
664 278 696 318 vel
708 279 784 318 timore
796 278 831 318 ali-

42 345 102 393 cujus
117 345 209 393 potentis
220 356 324 394 personae
334 344 418 393 explere
429 345 539 384 renuistis:
556 344 690 384 haecomnia
702 343 741 384 Dei
755 343 831 384 Omni·

43 410 135 460 potentis
150 410 226 450 timore
242 410 402 458 praeposuistis,
418 412 438 450 et
454 409 535 450 nullum
552 410 653 458 dispersis
671 408 781 449 monacbis
798 421 832 450 so-

43 476 116 515 latium
127 475 260 524 regrediendi
280 475 413 524 praebuistis.
425 474 563 525 Quapropter
574 474 670 522 ejusdem
682 474 776 517 Rainaldi
789 487 832 515 ma-

43 541 86 581 litia
102 541 170 589 magis
185 541 336 589 multiplicatur
351 544 371 580 et
385 542 467 581 crescit.
487 541 545 581 llaec
563 553 614 581 vero
630 540 708 580 idcirco
731 541 832 580 mandare

43 607 170 653 curavimus,
189 607 238 654 quia
253 618 278 645 ex
293 607 368 646 iisdem
380 606 481 654 dispersis
492 606 602 646 monachis
613 606 699 655 quidam
711 607 737 645 ad
749 618 788 645 nos
799 618 832 646 ve-

44 675 119 711 nerunt
134 671 209 711 flentes
224 674 244 711 et
259 672 371 720 ejulantes;
388 672 421 711 alii
437 672 516 711 litteras
535 671 656 711 direxerunt
678 671 831 718 lamentabiles,

43 738 143 785 iustitiam
160 736 180 777 S.
197 737 260 784 Petri,
282 740 419 786 nostramque
442 737 611 777 consolationem
627 748 666 786 pro
682 736 716 777 tali
733 736 833 784 injustitia

44 803 181 851 requirentes.
198 802 261 843 Unde
278 802 393 851 supradicti
409 802 469 842 Petri·
480 805 614 851 vestramque
625 805 696 842 nostra
707 803 832 842 auctoritate

45 868 208 908 corroborantes
222 869 359 914 sententiam;
378 868 522 916 eumdemque
538 868 671 915 Rainaldum,
688 870 708 907 et
723 870 832 908 consenta-

45 945 97 973 neos
112 932 157 980 ejus
171 933 385 981 anathematizamus;
402 934 516 982 ipsumque
533 933 671 980 coenobium,
688 933 790 981 quamdiu
813 934 833 972 in

45 1010 71 1039 eo
89 999 196 1046 manserit,
209 999 364 1038 interdicimus:
381 1002 401 1039 et
416 1001 438 1038 ut
453 998 509 1038 idem
525 998 613 1045 faciatis,
626 998 687 1038 vobis
698 998 832 1038 mandamus.

93 1073 156 1109 Nlansi
169 1073 213 1109 XIX
227 1074 261 1110 958
274 1084 292 1118 s;
307 1074 329 1109 lL
342 1075 395 1110 4548.

420 1208 474 1250 112.
515 1225 517 1228 ⁴

101 1301 159 1342 1065.
175 1300 297 1341 Alexander
310 1302 332 1340 ΙΙ
346 1300 448 1341 Oerrasio
462 1277 562 1346 Rernensa'
575 1301 739 1350 archiepiscopo.

100 1391 215 1430 Monemus
231 1390 382 1431 fraternitatem
393 1394 459 1438 tuam,
476 1393 498 1430 ut
513 1402 585 1439 regem
596 1393 617 1430 et
627 1391 734 1440 principes
745 1391 835 1430 Franco-

47 1468 92 1496 rum
109 1455 230 1504 alloquaris,
243 1456 342 1504 quatinus
352 1467 426 1495 eorum
438 1457 532 1505 potentia
543 1456 570 1495 ab
581 1456 690 1496 invasione
701 1459 772 1496 sancte
783 1456 834 1496 Car-

46 1521 142 1561 notensis
159 1521 272 1561 aecclesiae
288 1522 402 1570 episcopus
417 1522 485 1561 dictus
500 1524 619 1570 separetur3
640 1521 730 1570 quodsi
746 1521 835 1561 tortasse

47 1586 73 1627 acl
88 1586 129 1627 lroc
140 1586 287 1635 exequendum
300 1587 370 1626 minus
380 1587 502 1634 exarserint,
514 1598 557 1626 non
568 1586 637 1627 solum
650 1588 786 1636 episcopatus
796 1587 834 1633 tui,

48 1664 120 1693 verum
136 1654 198 1692 etiam
214 1652 399 1701 suffraganeorum
415 1655 500 1692 tuorum
512 1653 663 1701 episcoporum
675 1652 756 1692 clericis
767 1652 836 1700 cujus

47 1730 139 1767 cumque
154 1718 235 1758 ordinis
246 1730 309 1758 omne
321 1718 415 1758 divinum
427 1718 523 1758 officium
535 1720 605 1767 preter
614 1718 744 1766 baptismum
756 1720 775 1757 et
786 1729 835 1758 con-

47 1784 189 1832 signationem
206 1795 320 1833 puerorum
337 1784 461 1824 interdicere
476 1795 519 1823 non
535 1783 629 1824 diileras.

95 1858 218 1903 Loeiaenfeld,
232 1859 266 1904 Ep.
281 1859 335 1896 Rom.
349 1858 404 1894 Pont.
417 1858 505 1903 ineditae,
518 1859 550 1902 503
565 1858 587 1893 tl.
600 1859 653 1894 4573.
667 1858 739 1894 Eadem
757 1858 837 1904 epistola

48 1918 103 1954 simul
117 1918 140 1953 ad
155 1918 250 1963 Rigerium
264 1918 346 1964 archiep.
360 1917 491 1954 Senonensem
506 1918 563 1954 missa
576 1920 609 1953 est.
624 1918 646 1953 ll.
658 1919 711 1954 4574.

423 2053 477 2095 113.

103 2164 121 2191 c.
139 2151 197 2192 1066.
213 2151 335 2191 Alexander
343 2151 365 2191 ΙΙ
373 2151 467 2191 froterio
478 2151 574 2201 episcopo
584 2152 727 2192 Nemausensi
737 2150 836 2198 (Names).

102 2241 235 2281 Temeritatis
250 2243 285 2281 tue
301 2244 399 2290 percepta
416 2241 512 2290 cognitio
522 2241 656 2290 stupentibus
667 2241 730 2281 nobis
741 2253 783 2281 non
795 2253 848 2295 me-⁴

50 2307 128 2346 diocris
142 2307 196 2347 tacta
211 2309 242 2346 est
257 2307 383 2346 commotio.
400 2306 422 2345 ln
437 2318 480 2355 qua
494 2306 578 2346 audatia
593 2319 636 2346 non
651 2309 723 2346 nostra
733 2307 771 2347 sed
782 2308 838 2356 ipso-

50 2384 95 2412 rum
114 2372 261 2421 apostolorum
276 2375 333 2412 tanta
348 2372 392 2411 visa
407 2374 438 2411 est
453 2371 570 2420 despectio,
587 2375 609 2412 ut
624 2384 662 2412 nec
678 2373 698 2412 in
714 2385 736 2412 re
751 2384 789 2412 sua
804 2384 838 2411 va-

50 2438 101 2478 leret
116 2449 190 2477 eorum
206 2438 288 2486 religio.
305 2437 478 2477 Consecrationis
491 2450 586 2493 'namque
604 2438 677 2486 gratia,
690 2441 757 2486 perte
768 2437 839 2477 invide

50 2503 158 2551 obstricta,
181 2504 305 2543 auctoritate
327 2503 466 2552 postmodum
489 2503 606 2552 apostoliea
627 2503 697 2543 abbati
716 2504 838 2543 monasterii

50 2570 115 2609 saneti
131 2568 221 2618 Aegydii
237 2580 345 2615 concessa,
363 2569 432 2617 ipsum
450 2568 548 2608 abbatem
569 2568 682 2608 Beraldum
698 2571 718 2608 et
733 2571 839 2609 monaste-

51 2635 104 2674 rium
120 2635 347 2674 excommunicationis
362 2634 519 2682 dampnationis
534 2634 654 2674 audivimus
669 2637 689 2674 te
704 2634 789 2683 ligasse,
801 2646 840 2674 nec

51 2701 167 2740 reverentia
177 2702 248 2739 sancte
260 2700 355 2742 Romane
366 2699 454 2739 ecclesie
465 2700 582 2746 erubuisse,
594 2712 633 2740 nec
643 2700 735 2749 aliquam
754 2702 839 2748 aposto-

812 2792 821 2816 2
