1975 3157
166 145 189 179 40
436 151 563 187 scureroues,
578 151 689 186 errsrouae

167 272 281 312 hasterium
295 270 393 312 videlicet
407 271 548 320 Magahrense
558 271 683 318 auferendo,
700 273 720 312 et
735 272 807 312 omnia
818 271 891 311 altaria
901 283 955 320 quae
986 279 987 288 ¹

167 338 187 377 in
202 349 242 378 suo
258 338 387 387 Episcopatu
403 337 514 384 habemus,
533 336 755 383 excommunicando:
778 336 816 378 sed
838 340 858 377 et
880 348 956 378 omnes

167 405 273 452 quotquot
289 405 358 452 potest
373 403 500 452 episcopos,
512 402 615 451 Clericos,
627 403 693 442 laicos
710 403 864 452 cuiuscumque
873 403 955 443 ordinis

167 471 202 509 aut
217 468 325 518 dignitatis
340 469 361 508 in
376 471 459 509 nostras
474 468 594 509 inimicitias
612 467 778 508 commovendo.
803 468 955 509 Excommuni-

167 534 222 575 cauit
236 535 299 574 etiam
314 536 399 574 nostrae
414 533 595 583 Congregationis
611 533 700 580 Fratres,
716 537 739 574 ut
754 534 824 574 nullus
839 534 880 573 iam
899 534 956 574 dicto

168 600 216 639 loco
231 599 340 646 inhabitet,
361 599 520 648 Ecclesiamque
537 599 675 647 ingrediatur,
698 599 730 639 vel
753 599 840 648 aliquod
860 598 955 639 divinum

168 664 295 714 obsequium
312 665 332 704 in
347 677 372 705 ea
382 664 489 705 celebrare
500 667 628 714 praesumat.
640 665 681 713 lpsi
693 676 743 705 vero
754 664 845 705 fidentes
855 665 956 713 apostoli-

168 731 197 770 cis
213 730 338 779 privilegiis,
361 729 439 778 quibus
461 729 563 769 libertas
569 729 664 769 eiusdem
687 730 728 770 loci
744 729 770 770 ab
786 729 957 770 antecessoribus

168 797 253 844 prouisa
267 798 306 842 est,
322 807 361 844 pro
376 795 443 835 nihilo
458 795 503 835 eius
524 795 650 835 sententiam
669 797 853 844 computtaverun,
870 794 956 834 etnihil

168 860 215 901 de
210 863 240 901 mt
232 861 314 901 terdict
300 863 326 901 trs
341 861 411 900 dimitt
394 863 446 901 ttere
461 859 653 907 curaverun13sed
669 860 748 900 litteras
763 861 802 900 hac
813 861 839 900 de
852 872 921 903 causa
930 860 956 900 ab

168 939 195 967 eo
210 926 307 973 directas,
324 926 432 975 despectui
448 925 550 966 hahentes
566 926 677 965 interram
694 926 784 974 pedibus
801 925 957 966 conculcandas

169 992 330 1041 proiecerunt...
875 986 877 988 ’

218 1065 306 1110 Bouquet
319 1065 335 1100 X
349 1066 389 1101 505.

546 1188 586 1230 28.

225 1288 283 1326 1028.
302 1284 631 1327 willelmosOemmetr'censts1.
650 1287 716 1327 (iasio
735 1287 906 1327 Normannorum
920 1287 957 1327 dri-

169 1364 222 1393 corn.
238 1353 272 1393 De
286 1352 418 1393 contentione
432 1353 488 1392 inicr
500 1352 614 1397 Roberturn
630 1353 704 1393 Norm.
720 1353 792 1393 ducem
807 1352 827 1393 cl
844 1352 958 1398 Robartron

169 1418 349 1468 archiepiscopum
363 1417 553 1468 Roilzornoganscrn
568 1420 615 1459 orto
629 1421 714 1459 norrot:

225 1507 269 1548 lib.
285 1507 346 1548 Vlc.
363 1509 382 1548 3.
399 1508 462 1549 Unde
478 1506 592 1554 (Robertus
612 1506 683 1553 duxl'
679 1521 698 1547 m
724 1508 846 1557 primordiis
870 1520 957 1548 suorum

170 1576 254 1613 actuum
270 1576 392 1622 suspectum
403 1572 484 1613 habens
495 1572 611 1615 Robertum
622 1573 809 1622 archipraesulem,
820 1573 891 1614 hostili
902 1573 958 1614 obsi-

170 1627 234 1679 dione
250 1636 362 1679 Ehroicam
378 1640 453 1688 giravit
468 1638 553 1679 urbem:
570 1640 615 1688 ejus
635 1640 699 1688 igitur
720 1639 799 1679 eiteros
821 1640 913 1688 impetus
928 1651 958 1679 ar-

170 1704 288 1753 chipraesul
303 1705 392 1754 cupiens
407 1704 519 1751 declinare
539 1707 569 1744 m
570 1716 592 1745 ra
612 1704 670 1745 urbis
690 1705 775 1745 moenia
798 1716 847 1744 cum
873 1705 956 1745 militari

171 1782 234 1810 manu
250 1769 353 1810 obstruxit
368 1781 398 1810 se.
414 1770 536 1810 Novissime
547 1782 597 1810 vero
608 1770 662 1810 datis
672 1770 750 1810 dextris
761 1770 787 1810 ab
798 1782 822 1810 ea
836 1770 958 1817 secedendi,

171 1834 286 1878 Robertum
302 1847 374 1883 regem
390 1835 520 1875 Francorum
531 1847 579 1874 cum
590 1836 634 1875 suis
644 1836 690 1875 exul
702 1835 760 1882 adiit,
773 1838 793 1875 et
803 1830 958 1875 Normanniam

171 1900 289 1940 Pontificali
305 1899 438 1940 anathemate
454 1901 564 1948 percussit.
581 1900 686 1940 Robertus
702 1911 754 1948 ergo
772 1900 814 1939 dux
834 1902 958 1948 recompen-

170 1967 214 2005 sata
230 1964 377 2014 improborum
398 1952 481 2011 astutia,
497 1968 517 2004 et
542 1964 676 2014 perpendens
699 1977 722 2005 se
747 1964 865 2005 inconsulte
890 1965 960 2014 egisse

171 2031 250 2078 omnia,
267 2029 457 2079 hrchiepiscopum
480 2042 491 2070 a
514 2030 600 2070 Francia
625 2031 738 2078 revocavit,
761 2033 782 2070 et
804 2031 824 2070 in
847 2031 958 2079 pristinum

171 2096 275 2135 honorem
300 2096 397 2135 restituit.
414 2095 489 2135 Postea
512 2095 560 2135 mali
577 2087 688 2144 poenitens
703 2095 759 2142 facti,
776 2096 826 2143 suis,
845 2098 959 2135 uttanlum

171 2162 241 2219 uirumv
255 2159 350 2207 decebat,
367 2161 440 2201 ascivit
455 2160 556 2208 consiliis,
569 2161 589 2200 in
601 2160 705 2210 reliquum
717 2161 745 2200 illi
757 2162 871 2210 persistens
881 2160 958 2201 tidelis.

192 2227 194 2231 ’
218 2226 334 2280 BouquetX
349 2236 394 2278 191,
409 2235 438 2271 PL
453 2236 492 2279 149,
505 2236 551 2278 835;
566 2246 636 2271 novam
651 2234 756 2271 editionem
776 2236 847 2281 paravit
860 2236 874 2271 l.
895 2236 960 2280 Marx,

172 2294 282 2331 Ouillaume
295 2295 319 2330 de
332 2293 433 2340 lumieges,
446 2294 506 2331 Gesta
520 2295 677 2331 Normannorum
690 2295 767 2330 ducum.
787 2294 862 2340 (Rouen
876 2296 894 2331 et
908 2295 960 2330 Paris

174 2353 226 2398 1914)
240 2352 315 2390 Societe
328 2354 390 2390 d'hist.
404 2354 428 2390 de
442 2354 566 2390 Normandie.

220 2454 224 2475 ¹
239 2455 351 2500 Wdlelmus,
365 2465 421 2501 cogn.
435 2454 530 2499 Calculus,
543 2466 592 2491 saec,
606 2455 630 2491 Xl
644 2456 663 2490 in
677 2453 793 2491 monasterio
811 2455 960 2492 Gemmeticensi

171 2513 282 2560 (lumieges)
295 2514 314 2550 in
328 2515 447 2551 Normannia
460 2515 511 2550 vixit.
525 2516 546 2550 ln
562 2515 647 2551 Historia
656 2515 727 2551 ducum
738 2515 804 2551 Nomi.
814 2526 872 2561 quam
881 2515 961 2551 fortasse

172 2576 250 2620 rogante
263 2574 360 2610 Willelmo
374 2574 508 2620 Conquestore
520 2574 599 2620 scripsit,
613 2576 766 2620 euentususquc
779 2574 803 2610 ad
811 2585 827 2610 a.
838 2575 884 2611 1070
893 2577 960 2611 narrat.

172 2633 259 2669 Affirmat
271 2644 291 2669 se
304 2644 331 2678 aa,
345 2645 395 2679 quae
408 2634 426 2669 in
440 2633 488 2669 libro
502 2633 519 2670 V
532 2635 550 2669 et
562 2634 687 2680 sequentibus
699 2633 810 2678 referuntur,
819 2634 882 2679 ipsum
892 2634 961 2669 vidisse

172 2693 200 2729 vel
214 2704 225 2728 a
237 2692 317 2729 testibus
329 2693 444 2729 immediatis
458 2693 571 2739 percepisse.
584 2692 613 2729 (Σὶ.
626 2693 723 2729 Manilius
735 2693 760 2729 ΙΙΙ
773 2694 814 2729 440.
