1975 3157
144 173 168 207 70
383 172 385 177 ’
423 180 516 210 oecaern
530 180 659 210 sxuoooauu

192 297 213 333 B.
226 318 249 323 -
262 297 277 333 Ε
290 297 366 343 legibus
379 296 546 343 Anglosaxonum.

193 370 208 404 1.
222 390 243 394 —
258 369 272 405 Ε
285 369 360 415 legibus
383 368 498 405 Wilrtreedis
516 368 568 415 regis
587 368 665 406 Cantiae
685 367 755 414 (Xent),
775 379 853 415 quasa.
867 370 901 406 095
915 369 933 405 in

144 428 219 474 synodo
233 428 321 464 Berstead
335 439 378 464 curn
392 427 501 472 Birhtwald,
514 428 659 475 archiepiscopo
676 428 783 464 Britanniae
796 429 814 464 et
827 428 932 474 Gybmund
983 471 986 477 .

144 488 236 534 episcopo
251 487 474 534 morensiffloehester)
493 488 573 534 aliisque
593 489 665 524 clericis
685 489 703 524 et
716 488 768 524 laicis
787 488 875 524 sancivit:
889 498 904 524 c.
917 489 933 525 ὁ.

144 547 163 584 Si
176 547 274 594 presbyter
287 548 356 583 omittit
374 548 491 594 baptismum
510 548 600 593 aegroti...
621 548 719 594 usquead
739 547 830 583 iudicium
849 547 934 593 episcopi

144 607 168 642 ab
182 601 246 643 oiiicio
259 607 392 652 suspendatur.
406 607 530 643 Liebermann
539 618 558 652 p.
572 608 599 642 12.
977 596 980 620 ’ἶ

191 680 208 713 2.
222 699 244 704 -
257 678 329 715 oss-95.
343 679 358 714 Ε
371 669 447 724 legibus
463 678 497 714 Ine
514 678 566 724 regis
585 678 745 714 Westsaxonum:
759 688 774 713 c.
788 680 805 714 2.
820 678 869 714 Puer
887 677 935 713 inira

144 737 219 783 tnginta
227 738 292 774 noctes
299 737 409 783 baptizetur,
416 736 431 773 si
438 748 478 773 non
485 737 514 781 sit,
522 737 575 773 XXX
582 738 617 773 sol.
625 738 742 773 emendetur.
750 736 874 774 Liehermdnn
882 748 900 783 p.
905 738 934 773 91.

137 825 139 830 ·
192 810 208 844 3.
223 830 244 835 -
257 809 328 845 021AE
348 808 422 854 legibus
442 808 523 853 Aelfred
534 809 553 844 et
565 808 660 845 daturum
681 819 758 854 regum:
771 819 787 844 c.
800 809 817 853 3,
830 810 847 843 2.
861 807 880 844 Si
894 819 935 853 pre·
981 788 988 816 t

91 895 95 903 .
145 867 220 904 sbiter...
233 868 350 914 baptismum
363 869 420 913 neget
433 868 450 903 ei
463 867 493 904 cui
511 878 589 904 necesse
602 867 631 909 sit,
645 868 712 903 reddat
725 868 789 903 witam
805 878 848 903 curn
868 867 934 912 Anglis
981 871 988 915 ξ

145 922 219 963 etcum
233 927 293 963 Danis
306 927 373 971 lashlit,
387 926 425 963 troc
438 929 466 963 est
479 927 512 962 Xll
526 937 575 963 oras.
588 926 712 963 LIebermauu
726 938 744 972 p.
759 928 798 963 131.

159 1032 160 1035 ¹
194 1015 215 1052 C.
229 1037 239 1042 -
252 1016 281 1052 Ex
289 1016 362 1062 synodo
372 1016 480 1053 CIouesIrox.
490 1027 506 1052 a.
516 1017 551 1052 747
559 1027 600 1062 syn.
610 1015 771 1052 Cloveshovensis
780 1015 816 1054 sub
830 1015 935 1056 Cuthherto
982 986 988 1048 {

145 1075 290 1121 archiepiscopo
303 1075 435 1112 Cantuariensi
449 1076 523 1111 statuit:
537 1086 552 1111 c.
561 1077 578 1112 9.
592 1075 618 1111 Ut
627 1075 662 1120 ipsi
672 1074 776 1121 presbyteri
790 1085 828 1110 non
843 1075 936 1118 accipiant

145 1134 226 1180 pretium
241 1145 275 1180 pro
289 1134 407 1180 baptizandis
421 1134 490 1180 pueris.

194 1205 363 1242 Haddan-Stubbs
376 1206 400 1241 lll
414 1206 460 1250 3613
474 1205 543 1242 Mansi
554 1206 587 1241 Xll
601 1206 642 1241 402.

195 1290 230 1325 llis
243 1289 356 1325 testimoniis
370 1289 472 1335 probatum
486 1300 527 1325 esse
536 1290 615 1334 videtury
624 1289 695 1325 lactum
705 1290 837 1333 memoratum,
846 1288 935 1334 Angliam

146 1349 184 1384 scil.
198 1359 232 1394 per
244 1360 278 1384 sex
291 1359 353 1384 annos
366 1348 480 1394 baptismate
493 1348 584 1393 privatam
597 1348 661 1392 luisse,
675 1359 714 1384 non
728 1359 751 1384 ex
765 1347 851 1384 absentia
865 1347 935 1383 archie-
985 1339 988 1390 33

146 1408 220 1454 piscopi
233 1407 314 1453 expulsi,
330 1408 384 1453 quasi
400 1407 455 1443 unice
470 1408 596 1454 competentis
611 1408 690 1443 ministri
706 1407 829 1453 baptismatis¹
846 1407 935 1452 explicari

146 1478 209 1512 posse.
223 1467 265 1502 Alia
278 1478 324 1513 ergo
338 1467 439 1513 explicatio
453 1467 562 1513 quaerenda
575 1468 608 1503 est.

521 1602 561 1645 aa.
610 1569 612 1571 ’

200 1709 218 1736 c.
237 1697 284 1737 904.
303 1695 400 1745 Synodus
417 1696 439 1735 in
456 1694 538 1744 anglia
554 1695 666 1735 celebrata.

201 1772 324 1822 Complures
341 1772 477 1812 conciliorum
494 1772 633 1821 collectiones,
653 1784 670 1812 ν.
680 1784 703 1821 g.
722 1772 824 1812 Hereum
838 1772 871 1812 Ill
883 1774 934 1821 425,

88 1836 90 1839 ’
146 1838 222 1877 Moesi
231 1838 305 1877 XVIII
313 1838 355 1886 III,
367 1837 393 1877 de
402 1836 513 1877 interdicto
528 1849 541 1877 a
555 1836 727 1886 formosorum
742 1837 763 1877 in
778 1837 881 1887 Angliam
892 1837 936 1878 leto

146 1904 167 1942 et
180 1903 206 1943 de
219 1902 298 1960 surnodo
313 1903 383 1942 eodem
398 1905 489 1951 tempore
503 1901 577 1942 Izahita
594 1898 722 1951 laetemur,-
739 1902 850 1951 referimus
867 1904 936 1942 textus

146 1980 169 2007 eo
184 1967 313 2018 ordineque
327 1969 349 2008 in
364 1968 428 2008 dictis
442 1967 601 2008 collectionibus
624 1967 744 2017 traduntur,
760 1968 874 2008 secundum
895 1980 935 2008 me-

147 2033 210 2073 liores
226 2035 295 2073 tamen
312 2033 429 2073 editiones:
600 2023 606 2035 ³

200 2111 220 2139 a.
247 2098 352 2139 Willeimi'
368 2098 561 2139 Malmesbiriensis
585 2098 688 2138 Menoetii
709 2098 735 2138 de
757 2099 830 2138 Gestis
854 2099 936 2148 Regum

147 2161 279 2213 Auglorum:
351 2183 353 2186 ·

201 2252 245 2293 lib.
263 2253 279 2292 ll
295 2250 307 2302 ξ
324 2254 369 2293 128,
385 2252 426 2293 Sed
443 2255 464 2293 ut
479 2252 505 2293 ad
521 2255 617 2292 nostrum
634 2252 756 2293 Eduardum
772 2256 871 2300 revertar,
884 2253 935 2302 quid

146 2319 192 2366 ejus
206 2321 303 2367 ternpore
318 2318 345 2358 de
355 2318 483 2358 renovandis
499 2317 657 2366 episcopatibus
668 2330 679 2357 a
691 2330 745 2367 papa
756 2318 861 2359 Formoso
877 2331 935 2368 prae·

146 2386 231 2433 ceptum
243 2385 276 2431 sit,
287 2384 404 2432 jucundum
421 2385 473 2433 puto
488 2385 619 2423 memoratu:
632 2383 703 2432 itaque
713 2383 783 2424 verbis
794 2384 874 2423 eisdem
890 2385 935 2436 qui-

146 2449 186 2489 bus
201 2450 271 2489 inveni
286 2450 389 2499 scriptum
400 2450 531 2490 interseram.
822 2455 824 2458 '

200 2511 213 2563 ἓ
230 2516 274 2556 129.
295 2514 366 2563 Anno,
384 2526 428 2563 quo
446 2526 457 2555 a
474 2514 582 2554 nativitate
599 2514 686 2554 Domini
704 2516 802 2555 transacti
820 2518 869 2555 sunt
887 2516 934 2555 anni

146 2580 248 2629 nongenti
267 2582 365 2629 quatuor,
385 2580 441 2620 misit
459 2592 514 2629 papa
532 2579 648 2619 Formosus
666 2580 686 2619 in
706 2579 805 2628 Angliam
826 2582 934 2630 epistolas,

146 2644 224 2694 quibus
233 2645 296 2686 dabat
304 2646 556 2691 excommunicationem,
564 2647 584 2685 et
592 2645 763 2685 maledictionem
773 2647 817 2695 regi
827 2646 934 2693 Eduardo,

147 2712 167 2751 et
182 2710 282 2751 omnibus
297 2710 397 2759 subjectis
413 2710 465 2759 ejus,
482 2722 521 2760 pro
536 2710 694 2758 benedictione,
710 2723 774 2759 quarn
790 2711 877 2752 dederat
887 2711 936 2752 bea-
