1924 3132
276 167 369 197 necuere
384 167 434 197 non.
448 167 575 195 rourrrrcun
796 160 819 194 27

31 286 97 335 misit,
118 286 179 335 elisiis
197 286 262 335 jussu
283 285 359 326 deinde
380 285 456 325 Petrus
479 285 604 326 Cardinalis
627 285 752 326 Cluniaaum
773 298 820 335 pm-

27 351 100 400 fectas
115 353 159 391 est:

85 440 172 490 Quique
183 441 270 481 veniens
281 443 329 489 post
340 441 419 480 multos
429 440 513 481 labores
524 443 544 481 et
554 441 644 481 sudores
655 442 675 480 in
686 441 727 488 jam
740 441 819 481 dictum

33 506 103 546 locum
120 506 189 546 indie
205 506 361 546 Purificationis
377 506 400 545 B.
417 506 503 554 Mariae,
520 509 562 546 tarn
581 507 601 545 in
619 505 707 555 Capella
725 506 819 554 ejusdem

33 571 139 620 gloriosae
150 572 250 620 Virginis,
262 575 326 621 quarn
338 572 358 611 in
369 571 500 611 Monasterio
515 583 615 612 sermone
630 574 737 620 perorato
750 574 821 611 aucto·

34 637 115 677 ritatem
127 636 254 677 Pontificum
267 637 412 678 Romanorum
424 648 462 686 per
472 638 582 685 privilegia
595 637 643 677 huic
658 638 707 677 loco
722 637 821 677 attributa

34 702 118 751 publice
135 701 284 748 corroborans,
301 701 445 742 manifestavi:
459 701 563 751 >Capellas
578 705 598 742 et
614 701 750 751 Capellanos,
767 714 822 751 quos

33 770 106 807 contra
117 767 191 807 eadem
203 767 298 810 Romana
310 767 419 816 privilegia
431 768 563 807 Matiscensis
574 769 688 817 episcopus
699 779 821 808 excommu-

34 833 146 880 nicaverat,
163 832 256 873 absolvi:
276 835 296 872 et
310 834 327 872 si
343 833 444 882 deinceps
461 833 531 881 aliqua
549 834 722 882 praesumptione
738 845 822 873 excom-

34 899 179 946 municaverit,
200 910 249 938 cum
269 898 338 938 iacere
357 898 416 938 nullo
439 899 505 938 modo
528 900 602 948 possit,
621 911 647 938 ne
667 888 780 948 quisquam
801 899 822 938 id

35 964 140 1011 observet,
156 965 189 1004 vel
205 965 254 1004 inde
269 967 334 1011 curet,
352 976 427 1004 omnes
442 966 534 1004 astantes
548 965 713 1004 commonefeci¹

88 1074 162 1110 Deinde
170 1050 254 1119 Legatus
267 1073 291 1109 ab
304 1074 390 1119 episcopa
399 1073 513 1109 Matiseensi
519 1074 628 1119 postulavit,
641 1075 663 1109 ut
672 1074 823 1118 satisfactionem

34 1134 150 1178 praestaret:

89 1206 131 1254 Qui
147 1219 211 1257 super
225 1207 267 1247 hoc
282 1207 317 1246 diu
334 1207 467 1256 multumque
482 1209 607 1255 conventus,
619 1219 667 1246 cum
681 1210 778 1247 neutrum
794 1207 823 1247 ia-

35 1285 82 1312 cere
99 1272 169 1320 vellet,
185 1272 298 1312 obstinatia
315 1285 353 1312 sua
368 1273 472 1321 exigente,
489 1285 500 1312 a
518 1273 637 1312 Pontiiicali
656 1276 676 1312 et
694 1273 822 1313 Sacerdotali

36 1338 109 1378 oiiicio
125 1338 233 1387 usquead
249 1339 376 1387 presentiam
392 1338 465 1377 domni
481 1339 547 1378 nostri
561 1337 661 1387 Gregorii
678 1350 752 1387 papae,
764 1337 824 1385 cujus

36 1404 182 1443 auctoritatem
198 1402 318 1453 spernebat,
335 1415 383 1443 eum
399 1403 558 1452 suspendimus.

89 1513 122 1549 Ad
130 1513 215 1549 ultimum
225 1514 293 1549 Petrus
301 1514 385 1560 Legatus
396 1514 509 1559 Episcopum
518 1514 664 1559 Lugdunensem
673 1514 750 1558 nronuit,
760 1515 825 1550 contra

36 1590 96 1624 quem,
109 1579 155 1623 aazia
168 1578 305 1615 oboedientiam
318 1580 416 1623 recusavit,
429 1579 540 1615 sententiam
552 1579 693 1624 promulgavit:

90 1657 199 1704 Quoniam
217 1658 281 1698 irater
297 1661 370 1698 noster
387 1657 500 1698 (leboinus
515 1658 663 1706 Lugdunensis
678 1658 825 1707 Arcbiepisco-
866 1648 868 1651 ’

37 1735 84 1772 pus,
104 1735 142 1763 nec
159 1724 263 1763 fraternae
282 1724 373 1763 caritatis
391 1723 489 1770 consilio,
508 1724 547 1763 nec
565 1724 664 1772 equitatis
683 1723 767 1770 rationi,
787 1735 826 1763 nec

37 1788 166 1837 Apostolicis
188 1788 261 1828 domni
283 1790 324 1828 mei
344 1789 460 1829 beatissimi
482 1801 549 1838 papae
571 1788 680 1837 Gregorii,
701 1788 761 1835 cujus
780 1789 825 1829 vice

38 1854 119 1903 indigni
134 1854 251 1903 fungimur,
263 1853 353 1894 decretis
368 1857 388 1894 et
403 1855 521 1903 praeceptis
536 1854 580 1894 vult
594 1855 728 1902 acquiescere
742 1857 762 1894 et
776 1854 826 1903 obe-

38 1919 125 1967 dire‚ut
141 1920 244 1959 Ecclesias
260 1919 407 1960 Cluniacensis
418 1919 532 1967 Coenobii‚
545 1931 597 1968 quas
613 1919 689 1966 iniuste
704 1931 826 1959 excommu-

38 1985 119 2025 nicasse
138 1986 228 2032 videtur,
247 1985 364 2025 secundum
385 1988 481 2025 tenorem
501 1986 614 2033 impositae
634 1985 696 2024 nobis
714 1984 827 2033 legationis

38 2050 88 2090 velit
98 2050 238 2090 absolvere...
249 2051 300 2090 ldeo
311 2062 350 2090 nos
361 2052 485 2090 necessitate
495 2051 570 2097 coacti,
580 2051 704 2090 auctoritate
715 2049 826 2090 beatorum

38 2116 93 2155 Petri
111 2118 131 2155 et
147 2116 213 2163 Pauli,
230 2117 284 2155 sicut
301 2116 364 2156 nobis
382 2115 500 2163 iniunctum
519 2118 557 2162 est,
573 2116 705 2164 supradictas
723 2115 827 2155 Ecclesias

39 2181 177 2221 absolvimus.
194 2180 213 2221 Si
230 2193 281 2221 vero
297 2181 352 2221 idem
368 2180 548 2230 Arcbiepiscopus
559 2182 589 2220 ira
599 2184 729 2228 commotus,
741 2181 826 2220 easdem

40 2246 150 2293 Ecclesia,
162 2247 206 2286 sive
217 2246 346 2295 Capelianos
357 2258 431 2286 eorum
443 2247 519 2302 injuste
530 2246 655 2286 interdicere
666 2246 826 2295 presumpserit,

38 2311 101 2351 talem
118 2312 288 2351 interdictionem
304 2314 324 2351 et
339 2312 582 2351 excommunicationem
601 2312 657 2351 irrita
672 2323 718 2351 esse
734 2311 827 2351 decerni-

39 2389 94 2417 mus.
111 2376 220 2417 Poliacum
237 2380 307 2417 autem
323 2374 469 2423 remiliacum·
478 2377 499 2416 in
515 2377 609 2424 Foresio
622 2376 643 2416 d.
656 2374 763 2426 Lugduni
779 2377 828 2426 quia

39 2443 84 2482 sine
99 2443 203 2482 canonico
217 2442 305 2490 iudicio,
321 2442 425 2482 violenter
442 2441 514 2489 ejectis
532 2442 649 2489 monacbis,
666 2454 677 2482 a
693 2442 827 2482 Cluniacensi

39 2508 170 2547 Monasterio
189 2520 226 2556 per
244 2508 343 2555 iniustam
363 2508 529 2556 expoliationem
549 2507 642 2547 ablatum
661 2510 682 2547 et
699 2507 827 2547 abstractum

40 2576 78 2621 est,
90 2573 227 2622 Apostolicae
242 2574 353 2622 aequitatis
368 2573 507 2614 concessione
519 2573 653 2614 Cluniacensi
665 2572 771 2613 coenobio
783 2572 828 2612 red-

40 2639 118 2678 dimus.
136 2639 372 2679 ...Sanctimonialibus
391 2651 446 2688 quae
466 2639 597 2688 praedictum
618 2638 727 2679 Poliacum
749 2639 828 2678 invase-

40 2707 113 2744 runt...
130 2705 280 2753 praecipimus,
299 2707 347 2745 ut...
366 2705 509 2744 restituant...
530 2704 554 2744 Et
572 2716 598 2744 ne
617 2706 637 2744 in
656 2704 730 2744 eadem
749 2704 828 2744 Poliaci
