1975 3157
139 172 162 206 74
414 179 507 209 uacuam
521 171 650 210 sruoo'oaon

139 310 201 338 causa
217 299 295 347 peccati
311 299 374 339 simul
390 299 534 348 conspirastis,
550 299 606 339 bona
621 300 699 339 civium
715 300 851 342 Remensium
868 301 926 348 praess

139 364 207 404 dones
229 365 357 413 impiissimi,
380 365 436 404 velut
458 364 497 404 sub
520 364 579 404 hasta
599 364 730 404 distraxistis.
750 366 795 404 Nec
810 365 872 405 etiam
888 376 926 405 vos
974 409 986 416 ,Ἰ

139 430 213 470 abesse
233 429 321 478 debetis,
343 431 378 479 qui
399 431 419 469 in
439 429 596 470 Adalberonem
618 430 779 471 Laudunensem
800 432 926 480 episcopum
975 446 986 476 :3

139 496 268 548 nonminus
285 496 338 536 levia
356 496 480 545 perfecistis.
499 496 524 535 Et
540 499 563 536 ut
574 496 711 545 pullulantem
728 496 831 536 haeresim
850 496 926 536 rescin-

140 561 223 607 damus,
239 573 293 610 quae
308 562 389 602 dictitat
404 562 476 601 omnia
491 561 553 601 licere
569 561 647 603 Karolo
663 562 726 601 etiam
744 562 765 600 in
782 562 846 601 sacris
862 561 925 601 locis:
976 555 987 610 ἓ

140 627 265 669 Remensem
277 627 339 667 simul
351 639 374 667 ac
383 627 544 667 laudunensem
553 626 672 673 ecclesiam,
684 629 796 675 utramque
806 627 925 676 sacrilegio,

140 692 237 740 quamvis
252 691 348 732 dissimili
365 692 476 741 pollutam,
492 705 504 732 a
518 692 583 731 sacris
601 703 737 731 removemus
755 692 839 739 officiis,
859 692 927 732 donec

140 757 234 806 legitime
249 757 397 798 reconcilietur
411 760 507 806 utraque.
532 757 556 797 Et
572 769 598 796 ne
616 758 664 805 quis
681 768 720 796 nos
735 757 812 797 talibus
827 758 927 797 monstris
980 750 986 766 ²

140 821 251 862 hominum
270 823 347 869 favere,
368 823 445 863 talibus
464 823 556 872 negotiis
576 834 685 862 assensum
706 821 840 871 praebituros
860 824 926 871 putet,

140 887 177 927 sed
193 900 231 936 pro
247 888 297 934 fide,
313 900 355 936 qua
370 889 468 935 vivimus,
485 887 585 927 omnibus
596 888 704 935 expositos
719 888 828 936 periculis:
844 890 927 927 senten·
981 882 985 886 ’

140 953 190 992 tiam
215 956 308 993 nostram
329 954 356 993 ita
376 953 536 1000 confirmamus,
559 952 686 999 stabilimus,
707 952 881 992 corroboramus.
902 972 927 976 -

140 1016 238 1066 Sequitur
254 1018 365 1058 anathema
381 1019 401 1057 in
417 1030 472 1058 reos.

187 1091 256 1127 Mansi
268 1092 311 1127 xlx
324 1092 356 1135 953
369 1093 457 1137 Bauquet
469 1092 485 1128 Χ
499 1094 539 1129 519.

516 1240 556 1282 69.

197 1346 255 1384 1031.
272 1344 335 1384 Cone.
352 1345 495 1385 Lemouicense
508 1345 530 1384 II
543 1341 667 1394 (Lirnoges).

194 1409 295 1450 Praeerat
317 1409 366 1450 laute
389 1410 477 1450 concilio
501 1409 568 1459 Apina
593 1409 764 1459 archiepiscopus
787 1411 929 1451 Bituricansis
987 1435 988 1439 =

141 1472 264 1524 (Bourges),
280 1487 407 1525 qzaarnquarn
422 1475 448 1515 de
458 1475 519 1524 facto
534 1475 638 1524 Iardanos
648 1476 759 1524 episcopus
768 1476 927 1523 Lemovicensis,

141 1541 178 1589 prii
192 1542 213 1580 et
226 1541 272 1589 ipse
285 1540 396 1580 concilium
410 1543 568 1588 eorrvocaverat,
580 1541 635 1580 inter
651 1552 727 1581 rornnes
750 1541 861 1581 eminebat.
884 1541 929 1581 lain

141 1606 163 1645 in
177 1606 246 1654 prima
260 1606 354 1646 sessione
368 1606 472 1646 Iardanos
486 1606 512 1645 de
518 1606 625 1655 perpetuis
632 1606 827 1655 perturbationibus
834 1606 894 1655 pacis
905 1619 928 1647 ex

140 1673 201 1720 porte
214 1672 332 1720 principum
347 1673 368 1711 et
374 1672 467 1721 equiturn
474 1671 592 1711 commissis
599 1673 687 1721 questus
694 1674 727 1711 est
733 1668 777 1719 (18.
789 1672 843 1712 Nou.
853 1669 915 1719 1031)
922 1685 929 1710 .·

195 1761 297 1802 Dolorem
313 1761 384 1802 cordis
400 1763 440 1801 mei
456 1760 518 1817 uobis
534 1762 646 1810 patefacio,
658 1774 671 1801 o
682 1761 814 1801 venerabiles
824 1762 928 1811 episcopi,

141 1829 161 1866 et
176 1827 257 1876 reliqui.
273 1827 362 1867 ministri
385 1827 474 1874 domini,
491 1829 510 1867 et
525 1827 640 1867 clamorem
662 1826 718 1867 facio
738 1827 764 1866 de
786 1826 930 1867 saecularibus

142 1893 282 1940 potestatibus
297 1893 431 1941 parochianis
447 1894 507 1940 meis,
527 1893 563 1941 qui
579 1893 689 1932 ecclesiam
706 1892 744 1932 Dei
768 1893 860 1940 quietam
884 1904 930 1932 esse

142 1970 184 1997 non
200 1959 278 2005 sinunt,
295 1970 327 1998 res
342 1958 453 1998 sanctuarii
470 1958 595 2007 pervadunt,
611 1969 715 2006 pauperes
731 1957 781 1997 mihi
802 1958 930 1997 commissos

142 2025 162 2063 et
177 2023 278 2063 ecclesiae
293 2024 401 2064 ministros
416 2023 521 2072 affligunt,
538 2026 558 2063 et
572 2035 607 2063 me
622 2024 657 2072 qui
682 2035 756 2063 eorum
780 2025 852 2072 pastor
873 2034 929 2070 sum,

143 2089 169 2129 de
184 2101 235 2138 pace
250 2090 323 2129 audire
338 2089 420 2129 nolunt.
436 2088 519 2129 Omnes
534 2089 629 2137 episcopi
650 2100 693 2128 uno
708 2100 745 2128 ore
767 2089 902 2129 dixeruntz...
919 2100 930 2128 a

142 2157 216 2195 nostro
231 2154 322 2195 concilio
338 2155 470 2195 anathemate
486 2154 599 2203 plectendi,
615 2166 728 2203 quousque
738 2153 846 2194 fructuose
858 2155 930 2203 poeni-

143 2220 208 2261 tendo
226 2221 356 2269 resipiscant.
933 2211 935 2215 ’

197 2309 298 2359 Sequenti
311 2309 385 2349 diade
399 2310 470 2350 eadem
485 2321 507 2350 re
520 2312 590 2349 actarn
604 2312 647 2349 est:

197 2387 310 2428 Odalricus
326 2388 404 2428 interea
419 2388 544 2428 uenerabilis
560 2387 726 2437 paterfamiliae
743 2387 798 2427 beati
821 2387 929 2434 Martialis,

143 2453 220 2493 sedens
232 2454 255 2493 'in
270 2453 369 2493 cathedra
383 2453 440 2500 juxta
455 2454 566 2502 primatem
583 2454 764 2500 lemovicensem,
780 2454 845 2493 sacris
855 2456 878 2493 ut
888 2455 931 2492 e'rat

140 2519 230 2559 indutus
251 2519 389 2566 ornamentis,
408 2519 457 2559 dare
479 2519 550 2567 coepit
571 2519 683 2559 consilium
707 2519 822 2568 episcopis,
846 2518 930 2558 dicens:

144 2585 185 2624 Hic
199 2596 245 2632 vos,
261 2585 371 2631 carissimi,
388 2587 473 2633 oportet
488 2584 624 2632 medicinam,
640 2596 704 2633 quam
720 2586 793 2624 contra
810 2583 931 2633 generalem

144 2650 243 2691 morbum
259 2650 384 2691 adhibeatis.
400 2650 421 2690 Si
436 2651 493 2690 enim
508 2650 535 2690 de
550 2662 602 2699 pace
621 2649 719 2697 tenenda,
742 2650 796 2690 sicut
818 2652 849 2689 est
864 2652 932 2689 vestra

145 2716 250 2763 voluntas,
267 2717 373 2766 principes
388 2716 474 2756 militiae
490 2716 646 2756 Lemovicensis
662 2715 722 2756 vobis
737 2715 864 2763 obstiterint,
880 2715 932 2764 quid
