1924 3132
306 145 434 182 scareroufis,
448 145 558 174 EPISTOLAE
666 169 668 173 r
803 138 824 171 15

39 267 164 320 praebeatur
185 267 211 307 ab
233 266 305 307 hodie.
325 267 382 306 Dixit
399 266 451 306 haec
468 269 488 306 et
503 266 606 313 discessit,
623 268 643 305 et
657 277 706 305 ecce
727 266 824 314 sequenti

39 335 72 375 die
87 335 159 373 custos
174 333 276 373 maturius
290 344 380 381 surgens
395 332 474 371 invenit
489 331 561 371 omnia
575 331 621 370 vela
636 342 703 380 usque
720 330 747 370 ad
765 331 825 370 mini-

39 411 95 440 mam
118 398 203 447 pallam,
220 398 274 438 sicut
289 398 347 447 prius
364 398 447 437 fuerant
461 398 563 437 restituta.
582 397 641 436 Tune
656 397 740 437 concito
762 408 825 436 cursu

2 504 5 510 ,
38 466 118 515 quanto
134 464 201 513 pridie
223 463 369 510 truculentior,
388 465 446 502 tanto
469 474 525 502 nunc
539 462 614 502 laetior
628 462 731 502 nuntiavit
747 461 823 510 Eligio,

39 534 101 579 atque
117 529 151 568 ille
166 529 269 569 accedens
284 529 399 577 omniaque
414 528 468 567 sicut
478 528 559 567 dudum
575 527 665 575 fuerant,
677 528 720 567 suis
735 528 756 566 in
773 527 826 567 locis

39 595 158 644 composita
173 606 269 641 cernens,
286 597 398 643 martyram
414 593 501 642 quidem
517 593 616 640 laudavit,
633 593 670 633 sed
685 592 763 632 Christi
782 592 825 632 Do-

39 661 90 701 mini
113 672 199 707 nomen,
218 660 272 700 sicut
286 662 306 699 et
321 671 413 709 semper,
430 658 515 699 uberius
533 670 580 698 cum
603 658 706 698 hilaritate
728 658 826 707 magnili-

39 726 100 767 cavit.

87 800 148 837 ΜΘΗ
168 801 234 847 Script.
248 800 289 840 Rer.
304 801 376 836 Nlerov.
391 800 415 836 lV
428 799 473 843 6863
487 798 590 845 d'Aclrerp,
603 798 726 845 Spicilegium
742 798 826 843 (Parisiis

41 859 94 906 1723)
107 860 122 896 ll
137 862 169 905 87;
184 861 213 896 Pl.
227 861 255 905 87,
269 861 309 896 503.

311 1046 313 1049 .
422 989 445 1031 7.

93 1101 124 1141 Ex
139 1101 210 1141 eudem
228 1100 277 1140 Vita
291 1100 313 1141 S.
330 1099 404 1150 Eligii.

95 1191 119 1231 ll.
135 1192 169 1230 21.
185 1190 233 1231 Alio
248 1202 299 1230 vero
313 1193 410 1239 tempore
427 1202 476 1230 cum
494 1191 603 1230 dioeceses
620 1203 676 1238 suas,
688 1193 710 1230 ut
721 1192 827 1240 episcopis

41 1268 87 1297 mos
103 1259 141 1303 est,
157 1257 256 1303 visitaret,
273 1257 350 1296 exstitit
365 1255 469 1305 quaedam
485 1259 541 1296 certa
556 1268 626 1303 causa,
643 1257 701 1296 utin
716 1269 757 1296 una
772 1257 827 1297 basi-

40 1323 79 1362 lica
95 1322 228 1361 interdiceret
243 1333 327 1361 cursum
343 1321 375 1361 vel
391 1320 530 1368 oblationem,
547 1333 659 1370 quousque
675 1322 720 1370 ipse
738 1322 826 1370 iuberet,

41 1386 149 1428 celebrari.
166 1388 214 1427 Erat
229 1389 298 1426 autem
317 1387 359 1426 illic
377 1386 480 1435 presbiter
497 1386 583 1436 quidam
601 1387 669 1427 malae
686 1388 828 1428 conscientiae

41 1453 132 1499 saucius,
149 1454 208 1493 cuius
223 1452 321 1492 videlicet
336 1452 364 1492 ob
380 1452 464 1501 culpam
480 1453 673 1493 excommunicatio
689 1457 827 1501 processerat,

41 1520 76 1567 qui
95 1519 189 1567 episcopi
213 1518 275 1558 iussis
297 1519 367 1557 minus
389 1517 580 1566 obtemperandum
603 1518 699 1565 credens,
722 1518 829 1568 verbaque

42 1585 86 1623 eius
101 1583 174 1623 leviter
189 1583 250 1623 valde
264 1583 341 1630 ferens,
358 1594 406 1623 cum
422 1583 508 1631 longius
523 1594 571 1622 eum
590 1595 601 1623 a
623 1584 671 1623 loco
694 1583 729 1623 illo
752 1584 828 1624 abiisse

41 1650 167 1696 aestimaret,
184 1661 234 1689 mox
257 1649 342 1697 signum
361 1648 466 1688 Ecclesiae
484 1651 560 1688 statuta
578 1649 630 1688 hora
647 1650 701 1689 sicut
719 1661 766 1689 mos
784 1653 827 1689 erat

42 1715 125 1763 pulsare
140 1716 218 1764 coepit.
233 1715 293 1754 Tunc
308 1715 334 1754 ad
345 1714 496 1754 contutandam
505 1714 621 1754 humanam
633 1716 828 1764 praesumptionem

42 1781 110 1828 magis
134 1779 261 1820 insensibilis
286 1792 349 1829 quam
372 1779 502 1819 rationabilis
524 1782 618 1820 creatura
640 1779 710 1820 verbis
732 1782 827 1830 episcopi

42 1857 124 1894 parens,
141 1846 204 1885 veluti
219 1845 259 1885 sibi
275 1846 387 1885 interdicto
402 1845 494 1892 silentio,
510 1845 591 1884 nullum
607 1845 634 1885 ad
645 1845 748 1895 pulsantis
759 1847 828 1886 nisum

42 1912 126 1959 signum
138 1911 230 1951 reddidit
239 1922 328 1958 sonum;
340 1911 417 1951 deinde
429 1910 531 1959 presbiter
542 1910 620 1950 diutius
631 1911 703 1951 lunem
712 1911 828 1959 terebrans,

42 1988 89 2016 cum
114 1980 209 2017 cerneret
232 1977 336 2016 tinnulum
362 1977 450 2017 omnino
473 1987 596 2025 permanere
619 1979 709 2023 mutum,
732 1989 830 2025 egressus

43 2042 139 2090 protinus
153 2042 270 2089 basilicam,
286 2054 371 2082 causam
387 2042 468 2081 cunctis
476 2041 603 2081 manifestat.
615 2043 675 2082 Tune
686 2045 756 2081 autem
768 2042 829 2091 Eligit

43 2107 202 2147 reminiscentes
217 2108 468 2155 excommunicationem,
485 2109 533 2156 post
553 2119 601 2146 eum
625 2107 720 2147 nonnulli
741 2106 838 2156 quanto·

42 2173 87 2213 cius
102 2176 224 2222 properant,
240 2184 265 2212 ac
280 2173 410 2212 reconciliari
426 2172 452 2212 ab
468 2184 494 2213 eo
510 2173 620 2212 Basilicam
637 2176 735 2213 exorant:
747 2173 785 2213 sed
797 2173 830 2214 ille
860 2197 862 2200 -

43 2239 140 2287 quamvis
155 2242 210 2279 esset
224 2238 337 2287 benignus,
361 2237 429 2278 noluit
450 2240 521 2278 tamen
543 2241 586 2278 tam
608 2239 683 2285 calide,
707 2240 829 2288 priusquam

42 2304 157 2344 satisfactio
173 2304 316 2353 praecederet,
332 2304 459 2344 sententiam
481 2304 574 2344 nectere.
597 2304 632 2344 Sic
653 2316 706 2353 ergo
727 2307 831 2345 transacta

44 2369 77 2409 die
92 2381 134 2409 una
148 2382 172 2410 ac
187 2372 249 2410 nocte
265 2381 312 2409 cum
328 2369 452 2419 saepissime
468 2370 571 2419 presbiter
586 2373 672 2419 quatere
687 2371 771 2419 siguum
787 2374 831 2410 ten-

43 2437 102 2482 taret,
128 2436 209 2475 nullum
235 2435 324 2483 pulsanti
348 2434 445 2484 praebuit
466 2437 568 2476 sonitum.
584 2427 682 2476 'Transiit
703 2448 790 2485 quoque
812 2440 832 2476 et

43 2512 134 2548 sequens
149 2513 191 2541 nox
206 2512 254 2541 cum
270 2500 312 2547 die,
329 2504 348 2541 et
364 2513 402 2540 nec
417 2501 447 2540 sic
462 2501 549 2550 quidem
560 2513 637 2540 sonum
650 2501 760 2550 produxit;
772 2502 832 2542 fluxit
846 2528 848 2530 -

43 2566 182 2606 nihilominus
197 2569 217 2606 et
231 2567 292 2606 tertia
307 2566 352 2606 dies
367 2578 414 2606 cum
434 2569 503 2613 nocte,
526 2567 564 2605 sed
586 2579 625 2606 nec
646 2567 731 2606 tandem
754 2579 831 2607 sonum

35 2631 136 2680 :aliquem
153 2632 256 2672 reddidit:
273 2634 347 2681 postea
362 2643 413 2671 vero
428 2631 507 2671 crebris
518 2631 685 2672 discurrentibus
693 2633 773 2672 nuntiis
783 2645 831 2672 cum

44 2697 170 2746 optimatum
187 2700 207 2737 et
221 2697 329 2737 seniorum
345 2697 448 2746 epistolis,
465 2698 550 2737 tandem
562 2709 636 2737 eorum
648 2697 746 2747 precibus
756 2699 831 2747 victus,
