1924 3132
305 153 433 191 scnrrrones,
447 153 557 182 emsrocne
802 144 824 180 19

89 275 160 322 Quam
176 274 272 323 relegens
289 276 339 315 satis
356 286 463 323 superque
485 273 543 314 dolui
565 273 641 320 fateor,
664 273 713 322 quia
735 272 824 312 dilectus

37 344 99 383 irater
113 342 133 380 et
148 341 290 389 coepiscopus
304 343 376 380 noster
392 339 520 380 llincmarus
535 342 608 379 contra
623 339 767 388 episcopalem
778 350 824 387 gra-

37 409 129 453 vitatem,
146 408 166 445 et
181 408 254 445 contra
269 406 413 455 evangelicam
429 405 547 452 veritatem,
564 407 627 453 atque
642 403 788 453 Apostolicam
804 406 824 443 et

37 473 160 514 canonicam
172 472 326 518 auctoritatem,
338 471 387 511 talia
398 470 517 510 inconsulte
528 482 591 510 causa
602 481 688 509 suarum
700 470 824 509 iniuriarum

37 550 99 587 agere
115 538 263 586 praesumpsit,
276 537 346 586 qualia
357 536 427 576 nullus
437 538 485 575 ante
497 536 566 585 ipsum
578 536 693 584 episcopus
704 536 757 584 egit:
770 546 825 584 quae

37 616 79 644 non
95 602 161 642 modo
176 614 283 643 sacrarum
298 603 449 651 scripturarum
466 602 543 641 tramiti
561 601 673 647 contraria,
695 603 715 640 et
735 600 825 640 decretis

37 670 85 709 sunt
99 670 221 708 sanctorum
236 667 332 715 aduersa,
348 679 421 707 verum
437 669 457 706 et
472 666 532 722 saluti
549 666 654 706 humanae
672 678 696 706 ac
715 667 826 705 universae

38 734 188 775 Christianitati
205 736 253 774 sunt
269 733 380 773 inImica...

92 799 161 846 Unde,
178 799 252 839 fratres
267 799 395 838 carissimi...
412 799 438 838 ad
454 799 572 847 praelatum
588 797 673 838 tratrem
685 800 705 837 et
716 798 826 846 coepisco-

39 876 88 914 pum
104 866 200 903 nostrum
217 864 356 903 Hincmarum
372 863 409 903 has
424 875 478 912 quae
496 866 614 913 sequuntur
635 864 714 903 litteras
736 864 826 903 auctori-

38 932 79 970 tate
103 929 266 977 metropolitana
291 929 382 978 dirigere
404 930 546 969 necessarium
570 929 631 977 duxi;
654 940 745 969 monens
768 929 826 969 illum

39 997 124 1045 paterna
140 1007 164 1034 ac
173 994 264 1034 fraterna
275 994 396 1041 dilectione,
408 997 430 1034 ut
441 996 497 1034 iuxta
508 995 562 1035 beati
574 994 644 1043 Papae
656 994 730 1034 Hilarii
743 995 827 1034 decreta

38 1062 82 1109 ipse
97 1061 224 1109 quantocius
239 1060 335 1108 iniquum
351 1060 430 1099 iactum
445 1072 508 1100 suum
524 1060 651 1100 dissolvat...

92 1125 174 1166 Cuncta
189 1137 243 1174 quae
258 1125 284 1164 de
299 1125 396 1174 capitulis
412 1126 432 1165 in
447 1128 516 1165 vestra
527 1126 629 1174 petitione
640 1126 766 1174 conscriptis
777 1137 827 1165 con·

38 1192 99 1231 traria
115 1191 198 1231 divinae
213 1190 339 1238 auctoritati,
358 1202 412 1239 quae
434 1193 517 1230 tenetur
539 1192 559 1230 in
582 1190 680 1237 subditis,
704 1194 739 1230 aut
761 1190 827 1230 verbo

39 1257 152 1306 praecepit,
169 1259 204 1296 aut
218 1257 297 1304 scripto
313 1257 412 1303 decrevit,
430 1257 486 1295 irrita
501 1260 521 1296 et
535 1268 601 1296 vacua
617 1259 637 1296 et
652 1256 730 1296 nullius
745 1257 827 1296 virtutis

39 1322 70 1361 vel
85 1322 215 1362 auctoritatis
230 1333 276 1361 esse
292 1322 407 1370 pronuntio
418 1324 481 1371 atque
492 1321 597 1368 decerno;
609 1322 713 1370 vobisque
725 1322 826 1361 ministris

39 1387 139 1427 ecclesiae
155 1387 300 1427 laudunensis
316 1387 429 1436 parochiae
439 1387 531 1436 praelata
540 1388 664 1427 auctoritate
676 1388 792 1436 praecipio,
805 1391 827 1427 ut

40 1456 59 1492 et
74 1454 94 1492 in
110 1453 222 1504 Missarum
238 1452 424 1499 celebrationibus,
441 1455 462 1492 et
477 1453 497 1492 in
509 1454 583 1493 ceteris
594 1453 679 1499 otiiciis,
692 1455 734 1492 tam
746 1453 828 1493 diurnis

40 1530 103 1567 quam
119 1519 235 1565 nocturnis,
252 1518 307 1557 etin
323 1517 472 1558 distributione
487 1518 604 1558 secundum
625 1518 761 1558 traditionem
786 1518 829 1558 Do·

40 1585 89 1623 mini
106 1587 286 1624 sacramentorum
302 1584 427 1624 coelestium
442 1583 542 1624 fratribus
555 1587 575 1623 et
586 1584 672 1633 populis
682 1584 828 1631 consulendis,

39 1649 76 1689 sed
92 1652 112 1689 et
128 1650 147 1689 in
163 1649 296 1698 baptizandis
312 1649 411 1698 parvulis,
431 1652 452 1689 et
469 1650 489 1688 in
511 1649 653 1698 suscipiendis
676 1650 828 1698 poenitentiam

41 1714 192 1764 indigentibus,
208 1718 228 1754 et
244 1715 264 1753 in
279 1715 430 1755 subveniendis
441 1716 518 1756 viatico
529 1727 617 1755 munere
628 1715 745 1755 secundum
757 1727 829 1755 sacros

40 1791 132 1820 canones
147 1780 284 1826 obeuntibus,
301 1783 320 1820 et
336 1781 356 1819 in
371 1781 500 1829 sepeliendis
515 1781 612 1827 mortuis,
629 1781 674 1820 sine
692 1780 734 1820 ulla
752 1784 829 1820 retrac-

40 1846 119 1885 tatione
134 1848 169 1885 aut
184 1846 321 1895 negligentia,
338 1848 440 1894 quantum
456 1847 534 1894 patitur
549 1846 642 1886 humana
664 1845 774 1894 fragilitas,
799 1858 830 1886 se·

41 1912 134 1950 cundum
143 1912 248 1951 tramitem
257 1923 364 1951 sacrarum
373 1912 524 1960 scripturarum
533 1912 713 1959 traditionemque
726 1913 831 1952 maiorum

41 1975 112 2016 divina
127 1977 199 2016 munia
214 1977 350 2026 exsequendo
361 1977 460 2016 iratribus
471 1979 491 2016 et
502 1978 587 2027 populis
598 1979 709 2018 consulere
720 1978 830 2018 studeatis:

41 2041 131 2081 scientes
146 2053 184 2081 vos
199 2042 298 2082 ordinum
310 2044 429 2082 vestrorum
438 2043 541 2083 sustinere
551 2044 659 2090 iacturam,
669 2044 685 2083 si
695 2044 786 2083 confessi
797 2046 832 2083 aut

42 2108 164 2155 regulariter
179 2108 269 2148 convicti
285 2107 366 2148 fueritis
381 2107 407 2148 de
424 2108 570 2157 proximorum
591 2121 628 2157 per
650 2111 740 2149 uestram
764 2108 830 2157 negli-

42 2173 143 2221 gentiam,
159 2174 218 2222 quod
234 2173 295 2220 absit,
312 2173 415 2222 periculo.

96 2248 158 2283 Mansi
172 2247 214 2284 XVl
228 2249 272 2291 810;
287 2248 317 2283 Pl.
332 2248 372 2292 126,
385 2249 426 2283 512.

96 2351 117 2391 b.
133 2371 159 2376 —
174 2351 205 2392 Ex
220 2364 252 2401 ep.
268 2352 354 2391 Hincm.
370 2351 429 2396 Rem.
445 2351 474 2391 ad
488 2352 517 2392 Η.
534 2352 600 2392 Laud.
618 2350 659 2402 (ep.
676 2350 713 2399 II).

96 2435 226 2475 Hincmarus
242 2435 352 2480 Remensis
366 2435 442 2475 scribit
455 2447 478 2475 se
492 2435 579 2475 audisse
595 2448 608 2475 a
626 2436 680 2475 clero
697 2436 835 2477 Luadunensi

42 2500 161 2549 episcopum
175 2501 246 2541 omniu
260 2500 334 2540 divina
348 2501 425 2550 officia
441 2501 543 2548 vetuisse;
564 2503 693 2550 arrapropter
711 2514 757 2541 eum
776 2501 833 2541 velte-

43 2567 122 2605 menter
137 2567 224 2615 arguit:

96 2630 167 2677 Quam
183 2633 298 2672 novitatem
314 2644 325 2671 a
340 2632 425 2672 saeculo
440 2632 546 2672 hactenus
561 2633 685 2680 inauditam,
697 2633 760 2672 trater
774 2634 836 2673 caris-

43 2695 105 2743 sime,
118 2697 168 2736 satis
179 2697 345 2737 contremiscens
356 2697 462 2737 exhorrui.
475 2698 538 2738 Unde
547 2701 651 2746 augentur
661 2698 712 2737 milri
722 2699 834 2748 lacrymae:
