1924 3132
315 193 408 222 oecaern
424 192 473 222 noni.
488 193 615 221 Ponrrrrcun
836 187 859 221 55

70 313 143 362 rapina
158 312 211 352 iacta
226 314 257 353 est
272 315 292 352 et
307 313 328 352 in
343 324 387 361 auo
402 311 498 360 eiusdem
514 313 600 361 rapinae
617 313 707 353 ministri
726 312 829 360 habitant,
848 326 859 353 a

71 378 147 418 divinis
162 378 240 418 officiis
254 381 413 432 sequestramus
428 381 511 428 praeter
526 368 642 428 puerorum
657 378 764 428 baptisma
779 382 799 419 ei
814 391 859 419 mo-

70 444 160 483 rientum
173 445 321 492 poenitentias,
333 444 403 483 donec
418 446 453 484 aut
468 445 559 493 pretium
575 444 675 484 reddatur
686 447 721 484 aut
734 448 859 493 competens

70 508 186 548 concordia
201 511 344 556 comparetur.

117 568 240 628 Luniensem,
254 583 311 629 Epist.
326 584 380 620 Pont.
395 583 449 622 Rom.
463 582 513 619 ined.
527 594 545 629 p.
558 583 591 628 67;
606 583 627 619 IL
640 583 693 619 5855.

444 713 500 754 209.

126 812 183 857 1100,
199 812 253 850 Nou.
269 812 306 850 28.
322 810 468 850 Pascnaiisll
475 811 584 850 canonicis
600 809 735 859 (Angustia.)
751 811 774 851 S.
786 812 859 851 Satur-

70 875 117 915 nini
127 874 284 922 (Saint-Sernin
294 875 320 916 de
331 873 449 922 Toulouse).
459 875 513 937 Post
521 875 674 925 professionem
685 888 746 933 nemo
756 876 858 917 discedat.

125 966 191 1014 Quod
213 968 229 1007 si
252 967 372 1007 discesserit
394 967 581 1018 etconrmonitus
606 966 674 1007 redire
698 968 858 1017 contempserit,

71 1033 172 1083 prepositi
196 1029 283 1080 intersit,
304 1033 321 1072 si
342 1035 473 1081 oportunum
494 1032 576 1079 viderit,
600 1044 648 1072 eurn
672 1032 761 1073 ubilibet
783 1045 794 1073 a
816 1034 860 1073 suis

71 1098 148 1138 oiiiciis
163 1098 295 1145 interdicere,
314 1098 449 1138 interdictum
466 1110 517 1137 vero
535 1098 687 1146 episcoporum
706 1097 738 1138 vel
758 1098 859 1138 abbatum

70 1164 116 1202 sine
138 1163 204 1212 ipsius
227 1163 366 1212 permissione
390 1163 460 1202 nuilus
486 1162 589 1202 absolvat.
616 1162 734 1209 Praeterea,
757 1164 859 1210 quoniam

71 1228 142 1269 divina
160 1228 302 1279 dispositione
320 1230 389 1269 actum
401 1231 440 1277 est,
457 1230 479 1268 ut
493 1227 548 1269 beati
564 1227 671 1268 Saturnini
690 1227 786 1276 ecclesia,
803 1228 859 1278 apud

71 1307 134 1344 quam
160 1296 256 1342 manens,
280 1294 394 1344 supradicti
418 1294 588 1344 praedecessoris
610 1294 676 1335 nostri
693 1294 774 1335 Urbani
792 1286 860 1344 papae

72 1361 163 1409 propriis
178 1360 276 1400 manibus
291 1363 413 1400 consecrata
428 1361 462 1407 sit,
474 1372 513 1400 nos
527 1360 584 1408 juxta
600 1360 666 1409 ipsius
682 1361 776 1400 instituta
792 1360 859 1400 sanci-

71 1437 126 1473 mus,
149 1437 175 1465 ne
197 1426 245 1474 quis
267 1426 381 1474 episcopus
403 1428 438 1466 aut
459 1426 633 1474 archiepiscopus
654 1426 700 1465 sine
720 1428 791 1465 nostra
810 1423 859 1472 (vel)

71 1490 133 1538 iegati
150 1492 215 1530 nostri
233 1490 340 1530 audientia
358 1491 512 1530 interdictionis
534 1490 566 1529 vel
589 1491 817 1530 excommunicationis
839 1491 859 1528 in

71 1555 142 1596 locum
158 1555 234 1600 audeat
249 1555 344 1606 proferre
359 1556 481 1597 sententias.

118 1632 303 1678 Pfiugk·Harttung
315 1633 321 1668 1
335 1634 355 1668 71
365 1643 379 1668 s.
393 1643 420 1668 nr.
434 1632 468 1675 78;
483 1632 505 1668 IL
518 1633 570 1669 5850Γ

386 1735 388 1737 ’
447 1761 503 1803 210.
557 1733 559 1737 ’

127 1860 174 1899 1101
181 1859 244 1908 ,Ape
251 1860 272 1898 11
277 1890 281 1898 .
288 1857 401 1898 Pascnolis
407 1858 540 1907 IIStepizano
546 1859 643 1908 episcopo
652 1858 742 1899 Oscensi
749 1857 858 1905 (Haescai.

70 1925 104 1966 De
118 1927 211 1976 anatum
224 1925 324 1973 eeclesiis,
340 1937 395 1975 araas
409 1925 485 1966 Petrus
499 1925 610 1975 episcopas
619 1924 792 1975 Pampilonensis
802 1924 829 1966 ab
837 1937 860 1965 ea

71 1991 226 2040 reciamaverat,
242 1991 383 2031 controversia
397 1990 522 2031 nabebatur.
538 1990 660 2039 Stephanus
666 1990 861 2040 J'udicioRicnardi

71 2057 226 2105 Massiliensis,
242 2057 309 2105 legati
323 2056 448 2105 cardinalis,
462 2055 861 2105 OibeiiniarehiepiscopiArelatensis

71 2124 92 2161 et
105 2122 195 2161 aliorum
209 2134 232 2161 se
246 2122 350 2171 subjicere
364 2124 503 2170 recusaverat,
524 2124 556 2161 ter
575 2121 664 2166 Romam
686 2123 771 2161 uocatus
793 2122 861 2161 venire

71 2189 230 2235 coratempserat.
246 2187 310 2226 Nunc
324 2187 399 2226 iterum
414 2186 502 2230 Romam
517 2197 584 2234 usque
592 2186 706 2235 adfestum
714 2187 736 2226 S.
746 2186 861 2225 Michaelis

73 2254 163 2302 vocatur,
186 2264 246 2293 secus
261 2264 274 2292 a
287 2243 411 2303 pontificali
428 2254 449 2293 et
468 2251 597 2299 sacerdotali
617 2252 693 2302 afficio
714 2252 859 2301 suspenditur.

71 2319 157 2359 Interim
171 2321 264 2373 quatuor
276 2319 376 2359 ecclesiae
389 2331 403 2359 a
417 2319 496 2359 divinis
510 2330 593 2359 cessare
606 2319 689 2359 debent.
707 2312 861 2359 Documentum

70 2385 149 2433 partim
163 2384 291 2425 destructum
308 2387 347 2425 est.

127 2473 232 2513 ...idcirco
248 2473 293 2513 ilias
310 2470 362 2521 [scil.
378 2476 470 2521 quatuor
484 2470 591 2520 ecclesias]
608 2474 681 2513 divino
696 2462 770 2513 officio
778 2458 861 2513 cessare

72 2539 198 2585 iudicamus,
214 2538 283 2579 donec
299 2539 319 2577 in
334 2539 399 2578 nostri
416 2539 521 2587 presentia
536 2538 596 2578 cuius
613 2537 860 2587 ...Pampilonensissive

71 2603 173 2646 Oscensis
188 2605 284 2654 episcopi
299 2605 353 2645 iuste
368 2606 389 2645 et
403 2605 506 2645 canonice
521 2604 682 2655 comprobetur.

119 2680 171 2716 Pani
182 2680 239 2726 Keir,
255 2680 353 2726 Papsturk.
368 2680 387 2715 in
405 2680 495 2726 Spanien,
511 2681 532 2716 11.
548 2680 633 2716 Navarra
648 2680 687 2716 und
705 2680 783 2726 magon
799 2678 861 2726 (1928)

72 2741 112 2776 297.
126 2741 149 2776 11.
162 2760 173 2766 -
804 2739 806 2741 ’
