1924 3132
279 161 372 191 neonem
386 160 436 190 noar.
450 160 578 189 eourrncuur
799 153 823 188 33

35 280 187 330 passilueritis
201 281 330 330 superponi;
347 280 406 330 quod
421 281 479 322 omni
495 281 608 321 adversum
622 281 718 328 justiciae
729 282 771 330 pati
783 292 823 320 nos

35 346 123 386 minime
138 346 276 393 credideritis,
295 347 331 395 qui
353 346 424 386 locum
447 345 582 386 defeudende
603 346 685 394 iusticie
708 346 824 386 retinemus

36 411 125 460 indigni.
141 411 231 451 Tantum
248 412 312 460 igitur
326 412 408 451 lacinus
423 410 470 451 Deo
481 410 642 460 canonibusque
653 422 740 460 prorsus
751 411 824 451 adver-

35 487 82 516 sum
98 488 123 515 ex
138 475 177 516 Dei
193 479 213 516 et
228 488 334 516 canonum
353 476 477 516 auctoritate
494 475 626 523 cohibentes,
645 476 706 516 vobis
724 475 824 515 omnibus

36 541 174 590 precipiendo
190 542 327 591 precipimus,
344 553 370 581 ne
385 541 449 581 ullam
466 541 519 581 ultra
535 542 626 581 invasori
640 541 668 581 illi
680 540 823 581 obedientiam

36 606 142 646 deieratis.
159 607 256 647 Preterea
271 608 329 646 omni
345 607 390 655 iure
405 606 494 646 ecclesie
509 606 580 646 divina
595 607 668 646 omnia
679 606 751 645 oiticia
762 606 824 646 inter-

36 672 127 712 dicimus
142 675 211 721 preter
226 671 355 722 baptismum
372 674 392 712 et
407 672 580 720 consignationes
598 672 701 712 infantum
725 674 745 711 et
763 672 824 720 peni·

36 738 111 777 tentias
126 740 146 777 et
161 736 264 786 obsequia
280 740 425 784 mortuorum;
442 737 515 777 tandiu
530 737 556 777 ab
577 736 677 777 omnibus
698 739 767 786 preter
786 736 825 776 hec

37 803 113 842 divinis
129 804 227 843 misteriis
243 803 383 849 abstinebitis‚
400 802 469 842 donec
484 803 572 842 eductus
587 802 699 842 evinculis
710 803 825 851 episcopus

37 868 133 917 dignitati
149 869 236 917 pristine
252 870 379 916 restituatur,
396 869 460 909 etsie
475 880 547 909 coram
566 868 628 908 nobis
646 868 786 907 vindicandus
805 870 825 907 et

36 934 138 974 canonice
153 934 303 983 disquirendus
318 934 423 974 adveniat.

90 1009 109 1045 S.
125 1009 247 1053 Loeacafeld¹
264 1009 360 1054 Epistolae
377 1008 491 1045 Pontificum
511 1008 642 1048 Romanorum
661 1008 743 1043 ineditae
762 1006 825 1052 (1885)

37 1079 55 1114 p.
69 1068 102 1111 603
117 1069 139 1104 ll
152 1069 204 1104 5368.

411 1180 466 1222 144.

93 1273 151 1320 1088,
168 1271 216 1313 Oct.
231 1274 268 1313 29.
287 1272 387 1312 Urbanus
401 1273 423 1312 ll
433 1273 547 1312 Laurentio
557 1272 755 1322 arclcispresbptcro,
765 1285 825 1322 prae·

36 1337 105 1386 posito
120 1337 220 1377 ecclesiae
233 1336 359 1386 collegiatae
372 1337 395 1377 S.
412 1337 511 1386 agathae
525 1337 547 1377 iu
564 1337 674 1378 Cremona.

91 1420 111 1461 Si
128 1420 181 1468 (scil.
197 1421 292 1470 episcopi
309 1421 329 1460 in
345 1432 436 1469 quorum
452 1421 544 1460 dioecesi
561 1421 662 1461 ecclesiae
677 1424 758 1461 uestrae
768 1419 824 1466 suntl

38 1488 265 1526 excommunicationis
289 1489 324 1526 aut
346 1487 500 1526 interdictionis
522 1486 583 1526 vobis
606 1487 724 1527 molestiam
748 1487 825 1527 inierre

38 1553 213 1601 presumpserint,
229 1552 314 1592 libertas
329 1551 390 1592 vobis
405 1551 475 1599 fuerit,
492 1563 530 1601 pro
548 1553 623 1592 Niceni
641 1554 719 1592 statuto
741 1552 825 1592 concilii

37 1617 110 1657 sedern
126 1618 265 1666 apostolicam
282 1618 373 1666 apellare
389 1618 453 1657 etsie
468 1618 513 1666 ejus
527 1617 607 1666 judicio
622 1617 750 1667 satisfacere.

91 1691 143 1727 Paul
154 1691 212 1736 Kalaa,
226 1692 353 1728 Nachrichten
367 1692 385 1728 d.
399 1691 423 1728 G.
437 1691 542 1737 Gttttingen
556 1691 618 1737 (1902)
633 1693 676 1736 1483
696 1692 718 1727 lL
737 1692 784 1728 5373
802 1692 825 1727 ad

39 1752 88 1787 Νον.
103 1752 122 1795 l;
135 1751 193 1787 Italia
205 1750 279 1796 Poutrf
293 1751 317 1789 Vl
333 1753 348 1796 l,
361 1751 401 1787 279.

413 1862 467 1905 145.

94 1956 152 2002 1089,
168 1955 230 1995 Febr.
246 1955 282 1995 20.
301 1954 401 1994 Urbanus
415 1955 437 1995 Il
449 1954 557 2001 Richarda
574 1955 687 1995 Cardiaalc'
701 1955 776 1995 abbati
785 1967 827 1996 rno-

38 2021 128 2060 aasterii
142 2020 174 2061 St.
194 2020 283 2060 Victoris
299 2018 434 2067 (Marseillc).
452 2020 593 2060 «Coeuobc'um
608 2020 631 2061 S.
650 2020 753 2060 Seruaudi
770 2021 828 2070 apud

42 2086 141 2135 Toletum,
157 2086 215 2135 quod
227 2098 262 2126 rea
277 2085 399 2134 lldejoasas
413 2086 474 2130 Rara.
486 2086 584 2126 ecclesiae
594 2086 715 2135 specialiter
725 2086 825 2126 tradidit»

38 2151 146 2195 Richardo
160 2151 273 2200 regendum
288 2151 405 2191 committit.

93 2235 150 2274 Nulli
166 2237 236 2275 autem
252 2236 355 2284 episcopo
370 2238 405 2274 aut
420 2235 582 2284 archiepiscopo
598 2234 659 2275 liceat
674 2234 744 2274 locum
757 2236 826 2283 ipsum

39 2300 71 2340 vel
87 2299 132 2347 ejus
148 2299 266 2341 monachos
281 2300 313 2340 vel
329 2301 347 2340 ei
363 2301 441 2340 circum
457 2300 553 2340 subditas
571 2300 641 2347 cellas,
661 2300 714 2340 idest
733 2312 750 2340 s.
772 2300 826 2340 Petri

40 2367 91 2405 ets.
107 2364 192 2405 llndree
207 2367 227 2405 et
242 2377 259 2405 s.
276 2365 376 2413 Ferreoli,
396 2365 573 2415 presbyterosque
595 2365 674 2405 aliosve
696 2365 785 2405 clericos
807 2366 827 2404 in

39 2431 70 2470 eis
87 2430 113 2470 ab
131 2430 207 2471 abbate
225 2432 352 2471 constitutos
373 2432 558 2471 excommunicare
580 2431 612 2470 vel
634 2431 735 2480 judicare,
759 2434 828 2479 preter

40 2498 109 2546 ipsum
125 2496 223 2537 abbatem
239 2499 275 2536 aut
290 2496 334 2544 ejus
350 2497 492 2544 uoluntatem;
508 2497 546 2536 sed
563 2509 648 2546 semper
665 2496 705 2537 sub
724 2497 789 2537 tutela
808 2499 828 2536 et

40 2562 150 2602 imunitate
166 2563 261 2604 Romana
275 2562 385 2611 soliusque
400 2563 489 2605 Romani
502 2562 611 2603 Pontificis
621 2562 701 2610 judicio
712 2563 828 2603 consisten-

41 2631 72 2668 tes
87 2628 229 2676 omnipotenti
245 2628 340 2667 Domino
356 2628 420 2677 quieti
436 2628 548 2676 securique
566 2628 692 2667 deserviant.

96 2703 189 2747 Orie‘rara',
203 2702 252 2739 Cart,
266 2703 290 2739 de
303 2703 393 2748 l'abbaye
407 2703 430 2739 de
444 2703 469 2739 st.
482 2703 553 2748 Victor,
567 2714 594 2739 nr.
608 2703 642 2739 839
656 2714 674 2749 p.
687 2704 730 2746 2073
745 2703 828 2739 1i5392.

785 2792 793 2818 3
