<?xml version="1.0" encoding="UTF-8"?>
<!DOCTYPE html PUBLIC "-//W3C//DTD XHTML 1.0 Transitional//EN"
    "http://www.w3.org/TR/xhtml1/DTD/xhtml1-transitional.dtd">
<html xmlns="http://www.w3.org/1999/xhtml" xml:lang="en" lang="en">
 <head>
  <title>
</title>
<meta http-equiv="Content-Type" content="text/html;charset=utf-8" />
  <meta name='ocr-system' content='tesseract 3.04.00' />
  <meta name='ocr-capabilities' content='ocr_page ocr_carea ocr_par ocr_line ocrx_word'/>
</head>
<body>
  <div class='ocr_page' id='page_1' title='image "MN42046ucmf_0_0036.png"; bbox 0 0 1975 3157; ppageno 0'>
   <div class='ocr_carea' id='block_1_1' title="bbox 147 127 664 169">
    <p class='ocr_par' dir='ltr' id='par_1_1' title="bbox 147 127 664 169">
     <span class='ocr_line' id='line_1_1' title="bbox 147 127 664 169; baseline 0 -8"><span class='ocrx_word' id='word_1_1' title='bbox 147 127 169 161; x_wconf 84' lang='lat'>12</span> <span class='ocrx_word' id='word_1_2' title='bbox 413 133 540 169; x_wconf 75' lang='lat' dir='ltr'>scmmonfis,</span> <span class='ocrx_word' id='word_1_3' title='bbox 554 132 664 161; x_wconf 76' lang='lat' dir='ltr'>emsrocne</span> 
     </span>
    </p>
   </div>
   <div class='ocr_carea' id='block_1_2' title="bbox 145 252 932 569">
    <p class='ocr_par' dir='ltr' id='par_1_2' title="bbox 145 252 932 499">
     <span class='ocr_line' id='line_1_2' title="bbox 146 252 932 302; baseline -0.001 -9"><span class='ocrx_word' id='word_1_4' title='bbox 146 252 265 301; x_wconf 88' lang='lat' dir='ltr'>niebantur,</span> <span class='ocrx_word' id='word_1_5' title='bbox 284 253 434 293; x_wconf 89' lang='lat' dir='ltr'>convenienter</span> <span class='ocrx_word' id='word_1_6' title='bbox 451 253 582 293; x_wconf 86' lang='lat' dir='ltr'>sociarentur</span> <span class='ocrx_word' id='word_1_7' title='bbox 599 253 754 293; x_wconf 86' lang='lat' dir='ltr'>communioni.</span> <span class='ocrx_word' id='word_1_8' title='bbox 773 253 832 293; x_wconf 88' lang='lat' dir='ltr'>Tunc</span> <span class='ocrx_word' id='word_1_9' title='bbox 847 252 873 292; x_wconf 89' lang='lat' dir='ltr'>ab</span> <span class='ocrx_word' id='word_1_10' title='bbox 889 253 932 302; x_wconf 92' lang='lat' dir='ltr'>epi-</span> 
     </span>
     <span class='ocr_line' id='line_1_3' title="bbox 145 318 931 367; baseline -0.001 -9"><span class='ocrx_word' id='word_1_11' title='bbox 145 331 213 367; x_wconf 88' lang='lat' dir='ltr'>scopo</span> <span class='ocrx_word' id='word_1_12' title='bbox 236 318 379 367; x_wconf 81' lang='lat' dir='ltr'>Ragnimodo,</span> <span class='ocrx_word' id='word_1_13' title='bbox 402 319 437 367; x_wconf 81' lang='lat' dir='ltr'>oui</span> <span class='ocrx_word' id='word_1_14' title='bbox 461 319 577 358; x_wconf 84' lang='lat' dir='ltr'>Parisiacae</span> <span class='ocrx_word' id='word_1_15' title='bbox 599 318 700 358; x_wconf 86' lang='lat' dir='ltr'>ecclesiae</span> <span class='ocrx_word' id='word_1_16' title='bbox 722 320 824 367; x_wconf 87' lang='lat' dir='ltr'>praeerat,</span> <span class='ocrx_word' id='word_1_17' title='bbox 843 329 931 367; x_wconf 90' lang='lat' dir='ltr'>compo-</span> 
     </span>
     <span class='ocr_line' id='line_1_4' title="bbox 146 383 932 433; baseline -0.001 -10"><span class='ocrx_word' id='word_1_18' title='bbox 146 387 220 424; x_wconf 83' lang='lat' dir='ltr'>nentes</span> <span class='ocrx_word' id='word_1_19' title='bbox 241 396 295 433; x_wconf 85' lang='lat' dir='ltr'>quae</span> <span class='ocrx_word' id='word_1_20' title='bbox 314 383 368 424; x_wconf 89' lang='lat' dir='ltr'>male</span> <span class='ocrx_word' id='word_1_21' title='bbox 384 387 500 433; x_wconf 82' lang='lat' dir='ltr'>gesserant,</span> <span class='ocrx_word' id='word_1_22' title='bbox 519 384 539 423; x_wconf 95' lang='lat' dir='ltr'>in</span> <span class='ocrx_word' id='word_1_23' title='bbox 555 384 708 424; x_wconf 85' lang='lat' dir='ltr'>communione</span> <span class='ocrx_word' id='word_1_24' title='bbox 726 383 866 424; x_wconf 87' lang='lat' dir='ltr'>ecclesiastica</span> <span class='ocrx_word' id='word_1_25' title='bbox 883 385 932 423; x_wconf 84' lang='lat' dir='ltr'>sunt</span> 
     </span>
     <span class='ocr_line' id='line_1_5' title="bbox 146 450 232 499; baseline 0 -10"><span class='ocrx_word' id='word_1_26' title='bbox 146 450 232 499; x_wconf 87' lang='lat' dir='ltr'>recepti.</span> 
     </span>
    </p>

    <p class='ocr_par' dir='ltr' id='par_1_3' title="bbox 193 524 668 569">
     <span class='ocr_line' id='line_1_6' title="bbox 193 524 668 569; baseline 0.002 -9"><span class='ocrx_word' id='word_1_27' title='bbox 193 524 254 560; x_wconf 75' lang='grc' dir='ltr'>ΜΘΗ</span> <span class='ocrx_word' id='word_1_28' title='bbox 269 524 307 561; x_wconf 87' lang='lat' dir='ltr'>Scr.</span> <span class='ocrx_word' id='word_1_29' title='bbox 322 524 362 563; x_wconf 85' lang='lat' dir='ltr'>Rer.</span> <span class='ocrx_word' id='word_1_30' title='bbox 376 524 449 561; x_wconf 76' lang='lat' dir='ltr'>Meron.</span> <span class='ocrx_word' id='word_1_31' title='bbox 464 524 470 560; x_wconf 90' lang='grc' dir='ltr'>Ι</span> <span class='ocrx_word' id='word_1_32' title='bbox 483 525 528 568; x_wconf 76' lang='lat'>2243</span> <span class='ocrx_word' id='word_1_33' title='bbox 542 524 572 560; x_wconf 85' lang='lat' dir='ltr'>PL</span> <span class='ocrx_word' id='word_1_34' title='bbox 585 525 614 569; x_wconf 84' lang='lat'>71,</span> <span class='ocrx_word' id='word_1_35' title='bbox 627 525 668 561; x_wconf 74' lang='grc'>348,</span> 
     </span>
    </p>
   </div>
   <div class='ocr_carea' id='block_1_3' title="bbox 528 677 550 719">
    <p class='ocr_par' dir='ltr' id='par_1_4' title="bbox 528 677 550 719">
     <span class='ocr_line' id='line_1_7' title="bbox 528 677 550 719; baseline 0 0"><span class='ocrx_word' id='word_1_36' title='bbox 528 677 550 719; x_wconf 89' lang='grc'>2.</span> 
     </span>
    </p>
   </div>
   <div class='ocr_carea' id='block_1_4' title="bbox 200 788 760 838">
    <p class='ocr_par' dir='ltr' id='par_1_5' title="bbox 200 788 760 838">
     <span class='ocr_line' id='line_1_8' title="bbox 200 788 760 838; baseline -0.004 -9"><span class='ocrx_word' id='word_1_37' title='bbox 200 789 246 829; x_wconf 75' lang='lat'>586.</span> <span class='ocrx_word' id='word_1_38' title='bbox 263 789 380 838; x_wconf 80' lang='lat' dir='ltr'>Gregorius</span> <span class='ocrx_word' id='word_1_39' title='bbox 398 788 532 828; x_wconf 83' lang='lat' dir='ltr'>Turonensis.</span> <span class='ocrx_word' id='word_1_40' title='bbox 549 788 608 828; x_wconf 87' lang='lat' dir='ltr'>Hist.</span> <span class='ocrx_word' id='word_1_41' title='bbox 624 789 760 828; x_wconf 83' lang='lat' dir='ltr'>Francorum.</span> 
     </span>
    </p>
   </div>
   <div class='ocr_carea' id='block_1_5' title="bbox 145 873 933 2101">
    <p class='ocr_par' dir='ltr' id='par_1_6' title="bbox 145 873 933 1253">
     <span class='ocr_line' id='line_1_9' title="bbox 198 873 932 927; baseline 0 -10"><span class='ocrx_word' id='word_1_42' title='bbox 198 877 345 926; x_wconf 70' lang='lat' dir='ltr'>fredegundis</span> <span class='ocrx_word' id='word_1_43' title='bbox 359 877 433 927; x_wconf 79' lang='lat' dir='ltr'>regina</span> <span class='ocrx_word' id='word_1_44' title='bbox 447 876 577 926; x_wconf 85' lang='lat' dir='ltr'>Rotlzomagi</span> <span class='ocrx_word' id='word_1_45' title='bbox 590 873 683 925; x_wconf 84' lang='lat' dir='ltr'>(Rauen)</span> <span class='ocrx_word' id='word_1_46' title='bbox 700 877 799 926; x_wconf 86' lang='lat' dir='ltr'>diefcsto</span> <span class='ocrx_word' id='word_1_47' title='bbox 818 877 932 918; x_wconf 84' lang='lat' dir='ltr'>Pusebatis</span> 
     </span>
     <span class='ocr_line' id='line_1_10' title="bbox 146 942 932 998; baseline 0 -16"><span class='ocrx_word' id='word_1_48' title='bbox 146 943 302 983; x_wconf 67' lang='lat' dir='ltr'>praetextatum</span> <span class='ocrx_word' id='word_1_49' title='bbox 317 942 496 992; x_wconf 80' lang='lat' dir='ltr'>archiepiscopum</span> <span class='ocrx_word' id='word_1_50' title='bbox 511 942 540 981; x_wconf 90' lang='lat' dir='ltr'>ad</span> <span class='ocrx_word' id='word_1_51' title='bbox 556 942 625 982; x_wconf 87' lang='lat' dir='ltr'>altare</span> <span class='ocrx_word' id='word_1_52' title='bbox 640 943 777 983; x_wconf 79' lang='lat' dir='ltr'>celebrantem</span> <span class='ocrx_word' id='word_1_53' title='bbox 794 954 832 998; x_wconf 84' lang='lat' dir='ltr'>per</span> <span class='ocrx_word' id='word_1_54' title='bbox 846 942 932 982; x_wconf 89' lang='lat' dir='ltr'>bomici-</span> 
     </span>
     <span class='ocr_line' id='line_1_11' title="bbox 145 1007 930 1057; baseline 0 -10"><span class='ocrx_word' id='word_1_55' title='bbox 145 1007 194 1047; x_wconf 88' lang='lat' dir='ltr'>dam</span> <span class='ocrx_word' id='word_1_56' title='bbox 211 1008 327 1056; x_wconf 88' lang='lat' dir='ltr'>occiderat,·</span> <span class='ocrx_word' id='word_1_57' title='bbox 340 1008 440 1048; x_wconf 88' lang='lat' dir='ltr'>similiter</span> <span class='ocrx_word' id='word_1_58' title='bbox 455 1020 519 1047; x_wconf 89' lang='lat' dir='ltr'>unum</span> <span class='ocrx_word' id='word_1_59' title='bbox 537 1008 563 1047; x_wconf 82' lang='lat' dir='ltr'>de</span> <span class='ocrx_word' id='word_1_60' title='bbox 581 1008 700 1048; x_wconf 86' lang='lat' dir='ltr'>senioribus</span> <span class='ocrx_word' id='word_1_61' title='bbox 716 1007 930 1057; x_wconf 81' lang='lat' dir='ltr'>Rotbvmagensibus‚</span> 
     </span>
     <span class='ocr_line' id='line_1_12' title="bbox 146 1073 933 1123; baseline 0.001 -11"><span class='ocrx_word' id='word_1_62' title='bbox 146 1073 183 1122; x_wconf 81' lang='lat' dir='ltr'>arci</span> <span class='ocrx_word' id='word_1_63' title='bbox 204 1085 249 1113; x_wconf 88' lang='lat' dir='ltr'>eam</span> <span class='ocrx_word' id='word_1_64' title='bbox 262 1075 348 1123; x_wconf 86' lang='lat' dir='ltr'>propter</span> <span class='ocrx_word' id='word_1_65' title='bbox 369 1075 451 1113; x_wconf 90' lang='lat' dir='ltr'>tantum</span> <span class='ocrx_word' id='word_1_66' title='bbox 474 1073 543 1113; x_wconf 88' lang='lat' dir='ltr'>scelus</span> <span class='ocrx_word' id='word_1_67' title='bbox 562 1073 652 1122; x_wconf 85' lang='lat' dir='ltr'>fortiter</span> <span class='ocrx_word' id='word_1_68' title='bbox 673 1074 833 1123; x_wconf 73' lang='lat' dir='ltr'>vituperaverat,</span> <span class='ocrx_word' id='word_1_69' title='bbox 857 1085 933 1113; x_wconf 86' lang='lat' dir='ltr'>veneno</span> 
     </span>
     <span class='ocr_line' id='line_1_13' title="bbox 145 1138 931 1188; baseline 0 -10"><span class='ocrx_word' id='word_1_70' title='bbox 145 1139 257 1188; x_wconf 79' lang='lat' dir='ltr'>interfecit.</span> <span class='ocrx_word' id='word_1_71' title='bbox 269 1138 431 1188; x_wconf 78' lang='lat' dir='ltr'>inquisitionem</span> <span class='ocrx_word' id='word_1_72' title='bbox 441 1138 505 1178; x_wconf 85' lang='lat' dir='ltr'>buius</span> <span class='ocrx_word' id='word_1_73' title='bbox 513 1138 585 1178; x_wconf 81' lang='lat' dir='ltr'>delicti</span> <span class='ocrx_word' id='word_1_74' title='bbox 594 1138 741 1178; x_wconf 88' lang='lat' dir='ltr'>Leudovaldus</span> <span class='ocrx_word' id='word_1_75' title='bbox 749 1138 859 1188; x_wconf 85' lang='lat' dir='ltr'>episcopus</span> <span class='ocrx_word' id='word_1_76' title='bbox 869 1138 931 1179; x_wconf 86' lang='lat' dir='ltr'>Baio-</span> 
     </span>
     <span class='ocr_line' id='line_1_14' title="bbox 146 1200 483 1253; baseline 0 -10"><span class='ocrx_word' id='word_1_77' title='bbox 146 1204 244 1244; x_wconf 87' lang='lat' dir='ltr'>cassinus</span> <span class='ocrx_word' id='word_1_78' title='bbox 258 1200 363 1253; x_wconf 74' lang='lat' dir='ltr'>(Bapeni)</span> <span class='ocrx_word' id='word_1_79' title='bbox 377 1203 483 1252; x_wconf 84' lang='lat' dir='ltr'>suscepit:</span> 
     </span>
    </p>

    <p class='ocr_par' dir='ltr' id='par_1_7' title="bbox 145 1268 932 1571">
     <span class='ocr_line' id='line_1_15' title="bbox 200 1268 932 1319; baseline 0.001 -11"><span class='ocrx_word' id='word_1_80' title='bbox 200 1269 245 1309; x_wconf 81' lang='lat' dir='ltr'>tib.</span> <span class='ocrx_word' id='word_1_81' title='bbox 261 1269 307 1309; x_wconf 83' lang='lat' dir='ltr'>vul</span> <span class='ocrx_word' id='word_1_82' title='bbox 323 1281 342 1308; x_wconf 85' lang='lat' dir='ltr'>c.</span> <span class='ocrx_word' id='word_1_83' title='bbox 358 1270 391 1309; x_wconf 80' lang='lat'>31.</span> <span class='ocrx_word' id='word_1_84' title='bbox 408 1268 458 1308; x_wconf 82' lang='lat' dir='ltr'>Post</span> <span class='ocrx_word' id='word_1_85' title='bbox 473 1268 525 1308; x_wconf 86' lang='lat' dir='ltr'>haec</span> <span class='ocrx_word' id='word_1_86' title='bbox 540 1268 688 1309; x_wconf 83' lang='lat' dir='ltr'>Leudovaldus</span> <span class='ocrx_word' id='word_1_87' title='bbox 703 1270 817 1319; x_wconf 89' lang='lat' dir='ltr'>episcopus</span> <span class='ocrx_word' id='word_1_88' title='bbox 832 1269 932 1318; x_wconf 78' lang='lat' dir='ltr'>epistolas</span> 
     </span>
     <span class='ocr_line' id='line_1_16' title="bbox 146 1334 931 1388; baseline 0 -14"><span class='ocrx_word' id='word_1_89' title='bbox 146 1346 184 1383; x_wconf 88' lang='lat' dir='ltr'>per</span> <span class='ocrx_word' id='word_1_90' title='bbox 198 1346 273 1374; x_wconf 87' lang='lat' dir='ltr'>omnes</span> <span class='ocrx_word' id='word_1_91' title='bbox 288 1335 409 1374; x_wconf 86' lang='lat' dir='ltr'>sacerdotes</span> <span class='ocrx_word' id='word_1_92' title='bbox 424 1334 507 1381; x_wconf 87' lang='lat' dir='ltr'>direxit,</span> <span class='ocrx_word' id='word_1_93' title='bbox 523 1337 543 1374; x_wconf 90' lang='lat' dir='ltr'>et</span> <span class='ocrx_word' id='word_1_94' title='bbox 558 1337 649 1388; x_wconf 90' lang='lat' dir='ltr'>accepto</span> <span class='ocrx_word' id='word_1_95' title='bbox 663 1334 761 1384; x_wconf 81' lang='lat' dir='ltr'>consilio,</span> <span class='ocrx_word' id='word_1_96' title='bbox 777 1335 876 1374; x_wconf 85' lang='lat' dir='ltr'>eeclesias</span> <span class='ocrx_word' id='word_1_97' title='bbox 892 1335 931 1376; x_wconf 83' lang='lat' dir='ltr'>Ro-</span> 
     </span>
     <span class='ocr_line' id='line_1_17' title="bbox 145 1391 931 1449; baseline 0 -10"><span class='ocrx_word' id='word_1_98' title='bbox 145 1400 292 1449; x_wconf 84' lang='lat' dir='ltr'>thomagensis</span> <span class='ocrx_word' id='word_1_99' title='bbox 306 1400 388 1448; x_wconf 87' lang='lat' dir='ltr'>clausit,</span> <span class='ocrx_word' id='word_1_100' title='bbox 400 1402 422 1440; x_wconf 89' lang='lat' dir='ltr'>ut</span> <span class='ocrx_word' id='word_1_101' title='bbox 433 1400 453 1439; x_wconf 92' lang='lat' dir='ltr'>in</span> <span class='ocrx_word' id='word_1_102' title='bbox 465 1399 498 1439; x_wconf 88' lang='lat' dir='ltr'>his</span> <span class='ocrx_word' id='word_1_103' title='bbox 513 1399 605 1449; x_wconf 85' lang='lat' dir='ltr'>populus</span> <span class='ocrx_word' id='word_1_104' title='bbox 620 1400 724 1440; x_wconf 85' lang='lat' dir='ltr'>solemnia</span> <span class='ocrx_word' id='word_1_105' title='bbox 735 1400 805 1440; x_wconf 88' lang='lat' dir='ltr'>divina</span> <span class='ocrx_word' id='word_1_106' title='bbox 814 1391 858 1440; x_wconf 87' lang='lat' dir='ltr'>non</span> <span class='ocrx_word' id='word_1_107' title='bbox 870 1412 931 1449; x_wconf 87' lang='lat' dir='ltr'>expe-</span> 
     </span>
     <span class='ocr_line' id='line_1_18' title="bbox 145 1464 932 1514; baseline 0.001 -10"><span class='ocrx_word' id='word_1_108' title='bbox 145 1467 217 1512; x_wconf 83' lang='lat' dir='ltr'>ctaret,</span> <span class='ocrx_word' id='word_1_109' title='bbox 230 1466 299 1505; x_wconf 89' lang='lat' dir='ltr'>donec</span> <span class='ocrx_word' id='word_1_110' title='bbox 310 1466 446 1514; x_wconf 81' lang='lat' dir='ltr'>indagatione</span> <span class='ocrx_word' id='word_1_111' title='bbox 457 1465 566 1505; x_wconf 89' lang='lat' dir='ltr'>communi</span> <span class='ocrx_word' id='word_1_112' title='bbox 578 1465 720 1514; x_wconf 81' lang='lat' dir='ltr'>repperiretur</span> <span class='ocrx_word' id='word_1_113' title='bbox 730 1464 793 1504; x_wconf 85' lang='lat' dir='ltr'>huius</span> <span class='ocrx_word' id='word_1_114' title='bbox 803 1467 877 1505; x_wconf 87' lang='lat' dir='ltr'>auctor</span> <span class='ocrx_word' id='word_1_115' title='bbox 888 1476 932 1505; x_wconf 89' lang='lat' dir='ltr'>sce-</span> 
     </span>
     <span class='ocr_line' id='line_1_19' title="bbox 146 1531 202 1571; baseline 0 -1"><span class='ocrx_word' id='word_1_116' title='bbox 146 1531 202 1571; x_wconf 85' lang='lat' dir='ltr'>teris.</span> 
     </span>
    </p>

    <p class='ocr_par' dir='ltr' id='par_1_8' title="bbox 145 1595 933 1839">
     <span class='ocr_line' id='line_1_20' title="bbox 198 1595 932 1645; baseline 0 -10"><span class='ocrx_word' id='word_1_117' title='bbox 198 1595 278 1641; x_wconf 85' lang='lat' dir='ltr'>Revera</span> <span class='ocrx_word' id='word_1_118' title='bbox 295 1595 401 1636; x_wconf 84' lang='lat' dir='ltr'>lromicida</span> <span class='ocrx_word' id='word_1_119' title='bbox 417 1595 510 1636; x_wconf 88' lang='lat' dir='ltr'>detectus</span> <span class='ocrx_word' id='word_1_120' title='bbox 527 1597 566 1644; x_wconf 87' lang='lat' dir='ltr'>est,</span> <span class='ocrx_word' id='word_1_121' title='bbox 585 1595 622 1645; x_wconf 82' lang='lat' dir='ltr'>aui</span> <span class='ocrx_word' id='word_1_122' title='bbox 634 1595 724 1645; x_wconf 84' lang='lat' dir='ltr'>fucinus</span> <span class='ocrx_word' id='word_1_123' title='bbox 740 1607 802 1635; x_wconf 86' lang='lat' dir='ltr'>suam</span> <span class='ocrx_word' id='word_1_124' title='bbox 821 1595 932 1645; x_wconf 87' lang='lat' dir='ltr'>confessus</span> 
     </span>
     <span class='ocr_line' id='line_1_21' title="bbox 145 1660 933 1710; baseline 0 -10"><span class='ocrx_word' id='word_1_125' title='bbox 145 1663 187 1708; x_wconf 75' lang='lat' dir='ltr'>est3</span> <span class='ocrx_word' id='word_1_126' title='bbox 203 1661 278 1710; x_wconf 84' lang='lat' dir='ltr'>regina</span> <span class='ocrx_word' id='word_1_127' title='bbox 289 1673 334 1701; x_wconf 90' lang='lat' dir='ltr'>vero</span> <span class='ocrx_word' id='word_1_128' title='bbox 344 1673 390 1701; x_wconf 89' lang='lat' dir='ltr'>eum</span> <span class='ocrx_word' id='word_1_129' title='bbox 401 1664 474 1701; x_wconf 84' lang='lat' dir='ltr'>contra</span> <span class='ocrx_word' id='word_1_130' title='bbox 487 1672 576 1710; x_wconf 82' lang='lat' dir='ltr'>poenam</span> <span class='ocrx_word' id='word_1_131' title='bbox 590 1662 694 1700; x_wconf 87' lang='lat' dir='ltr'>statutam</span> <span class='ocrx_word' id='word_1_132' title='bbox 704 1660 807 1709; x_wconf 88' lang='lat' dir='ltr'>defendit.</span> <span class='ocrx_word' id='word_1_133' title='bbox 819 1660 933 1709; x_wconf 81' lang='lat' dir='ltr'>Propterea</span> 
     </span>
     <span class='ocr_line' id='line_1_22' title="bbox 147 1725 931 1775; baseline 0 -10"><span class='ocrx_word' id='word_1_134' title='bbox 147 1725 335 1766; x_wconf 79' lang='lat' dir='ltr'>Guntlzclrramnus</span> <span class='ocrx_word' id='word_1_135' title='bbox 349 1738 384 1766; x_wconf 83' lang='lat' dir='ltr'>rer</span> <span class='ocrx_word' id='word_1_136' title='bbox 399 1728 441 1766; x_wconf 91' lang='lat' dir='ltr'>tres</span> <span class='ocrx_word' id='word_1_137' title='bbox 456 1726 564 1775; x_wconf 85' lang='lat' dir='ltr'>episcopos</span> <span class='ocrx_word' id='word_1_138' title='bbox 574 1725 603 1765; x_wconf 84' lang='lat' dir='ltr'>ad</span> <span class='ocrx_word' id='word_1_139' title='bbox 618 1725 759 1774; x_wconf 87' lang='lat' dir='ltr'>Cbilpericum</span> <span class='ocrx_word' id='word_1_140' title='bbox 769 1726 835 1774; x_wconf 90' lang='lat' dir='ltr'>misit,</span> <span class='ocrx_word' id='word_1_141' title='bbox 847 1726 885 1774; x_wconf 83' lang='lat' dir='ltr'>qui</span> <span class='ocrx_word' id='word_1_142' title='bbox 894 1737 931 1774; x_wconf 86' lang='lat' dir='ltr'>pa·</span> 
     </span>
     <span class='ocr_line' id='line_1_23' title="bbox 145 1791 496 1839; baseline 0 -9"><span class='ocrx_word' id='word_1_143' title='bbox 145 1791 246 1831; x_wconf 79' lang='lat' dir='ltr'>ditionem</span> <span class='ocrx_word' id='word_1_144' title='bbox 260 1803 341 1830; x_wconf 86' lang='lat' dir='ltr'>reorum</span> <span class='ocrx_word' id='word_1_145' title='bbox 355 1791 496 1839; x_wconf 84' lang='lat' dir='ltr'>postularent:</span> 
     </span>
    </p>

    <p class='ocr_par' dir='ltr' id='par_1_9' title="bbox 146 1855 932 2101">
     <span class='ocr_line' id='line_1_24' title="bbox 200 1855 930 1905; baseline -0.001 -9"><span class='ocrx_word' id='word_1_146' title='bbox 200 1856 224 1896; x_wconf 79' lang='lat' dir='ltr'>Et</span> <span class='ocrx_word' id='word_1_147' title='bbox 246 1856 278 1896; x_wconf 88' lang='lat' dir='ltr'>his</span> <span class='ocrx_word' id='word_1_148' title='bbox 293 1857 354 1896; x_wconf 89' lang='lat' dir='ltr'>dictis</span> <span class='ocrx_word' id='word_1_149' title='bbox 376 1857 524 1903; x_wconf 85' lang='lat' dir='ltr'>discesserunt,</span> <span class='ocrx_word' id='word_1_150' title='bbox 541 1856 621 1896; x_wconf 86' lang='lat' dir='ltr'>nullum</span> <span class='ocrx_word' id='word_1_151' title='bbox 641 1855 787 1896; x_wconf 84' lang='lat' dir='ltr'>rationabilem</span> <span class='ocrx_word' id='word_1_152' title='bbox 804 1868 930 1905; x_wconf 87' lang='lat' dir='ltr'>responsum</span> 
     </span>
     <span class='ocr_line' id='line_1_25' title="bbox 146 1921 932 1970; baseline -0.001 -9"><span class='ocrx_word' id='word_1_153' title='bbox 146 1922 280 1970; x_wconf 86' lang='lat' dir='ltr'>accipientes,</span> <span class='ocrx_word' id='word_1_154' title='bbox 303 1921 433 1962; x_wconf 87' lang='lat' dir='ltr'>obtestantes</span> <span class='ocrx_word' id='word_1_155' title='bbox 455 1922 551 1969; x_wconf 86' lang='lat' dir='ltr'>omnino,</span> <span class='ocrx_word' id='word_1_156' title='bbox 574 1925 597 1961; x_wconf 88' lang='lat' dir='ltr'>ut</span> <span class='ocrx_word' id='word_1_157' title='bbox 618 1932 727 1970; x_wconf 84' lang='lat' dir='ltr'>nunquam</span> <span class='ocrx_word' id='word_1_158' title='bbox 750 1922 770 1960; x_wconf 88' lang='lat' dir='ltr'>in</span> <span class='ocrx_word' id='word_1_159' title='bbox 793 1921 881 1961; x_wconf 87' lang='lat' dir='ltr'>aeclesia</span> <span class='ocrx_word' id='word_1_160' title='bbox 898 1921 932 1961; x_wconf 83' lang='lat' dir='ltr'>ilia</span> 
     </span>
     <span class='ocr_line' id='line_1_26' title="bbox 146 1986 932 2035; baseline 0 -10"><span class='ocrx_word' id='word_1_161' title='bbox 146 1986 266 2033; x_wconf 83' lang='lat' dir='ltr'>Melantius,</span> <span class='ocrx_word' id='word_1_162' title='bbox 283 1987 317 2035; x_wconf 85' lang='lat' dir='ltr'>qui</span> <span class='ocrx_word' id='word_1_163' title='bbox 332 1987 392 2035; x_wconf 85' lang='lat' dir='ltr'>prius</span> <span class='ocrx_word' id='word_1_164' title='bbox 403 1987 423 2026; x_wconf 90' lang='lat' dir='ltr'>in</span> <span class='ocrx_word' id='word_1_165' title='bbox 434 1986 482 2027; x_wconf 90' lang='lat' dir='ltr'>loco</span> <span class='ocrx_word' id='word_1_166' title='bbox 498 1986 629 2027; x_wconf 83' lang='lat' dir='ltr'>Praetextato</span> <span class='ocrx_word' id='word_1_167' title='bbox 640 1986 769 2035; x_wconf 83' lang='lat' dir='ltr'>subrogatus</span> <span class='ocrx_word' id='word_1_168' title='bbox 779 1986 854 2033; x_wconf 85' lang='lat' dir='ltr'>tuerat,</span> <span class='ocrx_word' id='word_1_169' title='bbox 865 1998 932 2026; x_wconf 89' lang='lat' dir='ltr'>sacer-</span> 
     </span>
     <span class='ocr_line' id='line_1_27' title="bbox 146 2051 460 2101; baseline 0 -10"><span class='ocrx_word' id='word_1_170' title='bbox 146 2052 202 2092; x_wconf 87' lang='lat' dir='ltr'>dotis</span> <span class='ocrx_word' id='word_1_171' title='bbox 217 2051 341 2101; x_wconf 77' lang='lat' dir='ltr'>iungeretur</span> <span class='ocrx_word' id='word_1_172' title='bbox 355 2052 460 2092; x_wconf 77' lang='lat' dir='ltr'>osticium.</span> 
     </span>
    </p>
   </div>
   <div class='ocr_carea' id='block_1_6' title="bbox 194 2110 672 2171">
    <p class='ocr_par' dir='ltr' id='par_1_10' title="bbox 194 2110 672 2171">
     <span class='ocr_line' id='line_1_28' title="bbox 194 2110 672 2171; baseline 0.002 -10"><span class='ocrx_word' id='word_1_173' title='bbox 194 2125 254 2161; x_wconf 84' lang='lat' dir='ltr'>non</span> <span class='ocrx_word' id='word_1_174' title='bbox 269 2125 307 2162; x_wconf 75' lang='lat' dir='ltr'>Ser.</span> <span class='ocrx_word' id='word_1_175' title='bbox 322 2126 362 2165; x_wconf 75' lang='lat' dir='ltr'>uer.</span> <span class='ocrx_word' id='word_1_176' title='bbox 376 2126 449 2162; x_wconf 74' lang='lat' dir='ltr'>nerov.</span> <span class='ocrx_word' id='word_1_177' title='bbox 464 2127 469 2162; x_wconf 91' lang='lat'><em>1</em></span> <span class='ocrx_word' id='word_1_178' title='bbox 484 2127 528 2171; x_wconf 63' lang='lat' dir='ltr'>aaa</span> <span class='ocrx_word' id='word_1_179' title='bbox 547 2110 577 2162; x_wconf 77' lang='lat' dir='ltr'>vi</span> <span class='ocrx_word' id='word_1_180' title='bbox 590 2128 618 2171; x_wconf 84' lang='lat' dir='ltr'>u,</span> <span class='ocrx_word' id='word_1_181' title='bbox 631 2128 672 2162; x_wconf 81' lang='lat' dir='ltr'>nr.</span> 
     </span>
    </p>
   </div>
   <div class='ocr_carea' id='block_1_7' title="bbox 200 2279 662 2439">
    <p class='ocr_par' dir='ltr' id='par_1_11' title="bbox 200 2279 662 2439">
     <span class='ocr_line' id='line_1_29' title="bbox 528 2279 551 2322; baseline 0.043 -1"><span class='ocrx_word' id='word_1_182' title='bbox 528 2279 551 2322; x_wconf 88' lang='lat'>3.</span> 
     </span>
     <span class='ocr_line' id='line_1_30' title="bbox 200 2390 662 2439; baseline -0.002 -9"><span class='ocrx_word' id='word_1_183' title='bbox 200 2402 218 2430; x_wconf 91' lang='lat' dir='ltr'>c.</span> <span class='ocrx_word' id='word_1_184' title='bbox 235 2391 281 2430; x_wconf 80' lang='lat'>590.</span> <span class='ocrx_word' id='word_1_185' title='bbox 302 2390 367 2439; x_wconf 81' lang='lat' dir='ltr'>Greg.</span> <span class='ocrx_word' id='word_1_186' title='bbox 386 2390 434 2430; x_wconf 83' lang='lat' dir='ltr'>Tur.</span> <span class='ocrx_word' id='word_1_187' title='bbox 450 2390 510 2430; x_wconf 88' lang='lat' dir='ltr'>Hist.</span> <span class='ocrx_word' id='word_1_188' title='bbox 525 2390 662 2431; x_wconf 82' lang='lat' dir='ltr'>Francorum.</span> 
     </span>
    </p>
   </div>
   <div class='ocr_carea' id='block_1_8' title="bbox 146 2476 933 2726">
    <p class='ocr_par' dir='ltr' id='par_1_12' title="bbox 146 2476 933 2726">
     <span class='ocr_line' id='line_1_31' title="bbox 199 2476 932 2529; baseline 0 -10"><span class='ocrx_word' id='word_1_189' title='bbox 199 2478 271 2519; x_wconf 81' lang='lat' dir='ltr'>Eoden</span> <span class='ocrx_word' id='word_1_190' title='bbox 281 2479 330 2528; x_wconf 85' lang='lat' dir='ltr'>fere</span> <span class='ocrx_word' id='word_1_191' title='bbox 345 2480 435 2529; x_wconf 85' lang='lat' dir='ltr'>tempore</span> <span class='ocrx_word' id='word_1_192' title='bbox 445 2479 467 2519; x_wconf 91' lang='lat' dir='ltr'>in</span> <span class='ocrx_word' id='word_1_193' title='bbox 477 2479 605 2519; x_wconf 88' lang='lat' dir='ltr'>monasterio</span> <span class='ocrx_word' id='word_1_194' title='bbox 614 2479 745 2520; x_wconf 84' lang='lat' dir='ltr'>Pictaviensi</span> <span class='ocrx_word' id='word_1_195' title='bbox 758 2476 870 2528; x_wconf 79' lang='lat' dir='ltr'>(Paitiers)</span> <span class='ocrx_word' id='word_1_196' title='bbox 883 2491 932 2529; x_wconf 86' lang='lat' dir='ltr'>gra·</span> 
     </span>
     <span class='ocr_line' id='line_1_32' title="bbox 148 2544 931 2585; baseline 0.001 -1"><span class='ocrx_word' id='word_1_197' title='bbox 148 2544 245 2584; x_wconf 86' lang='lat' dir='ltr'>vissimae</span> <span class='ocrx_word' id='word_1_198' title='bbox 259 2544 378 2584; x_wconf 88' lang='lat' dir='ltr'>discordiae</span> <span class='ocrx_word' id='word_1_199' title='bbox 391 2546 464 2584; x_wconf 87' lang='lat' dir='ltr'>contra</span> <span class='ocrx_word' id='word_1_200' title='bbox 486 2544 624 2585; x_wconf 86' lang='lat' dir='ltr'>Leuboveram</span> <span class='ocrx_word' id='word_1_201' title='bbox 646 2544 777 2585; x_wconf 81' lang='lat' dir='ltr'>abbatissam</span> <span class='ocrx_word' id='word_1_202' title='bbox 792 2547 851 2585; x_wconf 87' lang='lat' dir='ltr'>ortae</span> <span class='ocrx_word' id='word_1_203' title='bbox 864 2547 931 2585; x_wconf 89' lang='lat' dir='ltr'>erant.</span> 
     </span>
     <span class='ocr_line' id='line_1_33' title="bbox 148 2609 933 2660; baseline 0.001 -11"><span class='ocrx_word' id='word_1_204' title='bbox 148 2609 282 2650; x_wconf 80' lang='lat' dir='ltr'>Clarodieldis</span> <span class='ocrx_word' id='word_1_205' title='bbox 297 2610 359 2659; x_wconf 87' lang='lat' dir='ltr'>enim,</span> <span class='ocrx_word' id='word_1_206' title='bbox 375 2610 432 2659; x_wconf 83' lang='lat' dir='ltr'>regis</span> <span class='ocrx_word' id='word_1_207' title='bbox 442 2610 504 2659; x_wconf 83' lang='lat' dir='ltr'>filia,</span> <span class='ocrx_word' id='word_1_208' title='bbox 520 2612 545 2649; x_wconf 91' lang='lat' dir='ltr'>ut</span> <span class='ocrx_word' id='word_1_209' title='bbox 558 2610 606 2659; x_wconf 85' lang='lat' dir='ltr'>ipsa</span> <span class='ocrx_word' id='word_1_210' title='bbox 618 2610 744 2660; x_wconf 83' lang='lat' dir='ltr'>dignitatem</span> <span class='ocrx_word' id='word_1_211' title='bbox 759 2610 882 2650; x_wconf 79' lang='lat' dir='ltr'>abbatissae</span> <span class='ocrx_word' id='word_1_212' title='bbox 896 2611 933 2650; x_wconf 90' lang='lat' dir='ltr'>im·</span> 
     </span>
     <span class='ocr_line' id='line_1_34' title="bbox 146 2675 933 2726; baseline 0 -11"><span class='ocrx_word' id='word_1_213' title='bbox 146 2677 244 2725; x_wconf 78' lang='lat' dir='ltr'>perrara,</span> <span class='ocrx_word' id='word_1_214' title='bbox 260 2677 364 2716; x_wconf 86' lang='lat' dir='ltr'>catervam</span> <span class='ocrx_word' id='word_1_215' title='bbox 378 2675 527 2716; x_wconf 85' lang='lat' dir='ltr'>sceleratorum</span> <span class='ocrx_word' id='word_1_216' title='bbox 542 2675 649 2716; x_wconf 86' lang='lat' dir='ltr'>bominum</span> <span class='ocrx_word' id='word_1_217' title='bbox 664 2675 784 2726; x_wconf 81' lang='lat' dir='ltr'>collegerat,</span> <span class='ocrx_word' id='word_1_218' title='bbox 800 2676 837 2725; x_wconf 81' lang='lat' dir='ltr'>qui</span> <span class='ocrx_word' id='word_1_219' title='bbox 852 2676 875 2715; x_wconf 87' lang='lat' dir='ltr'>in</span> <span class='ocrx_word' id='word_1_220' title='bbox 891 2688 933 2716; x_wconf 88' lang='lat' dir='ltr'>ma-</span> 
     </span>
    </p>
   </div>
   <div class='ocr_carea' id='block_1_9' title="bbox 0 0 993 3157">
    <p class='ocr_par' dir='ltr' id='par_1_13' title="bbox 0 0 993 3157">
     <span class='ocr_line' id='line_1_35' title="bbox 0 0 993 3157; baseline 0 0"><span class='ocrx_word' id='word_1_221' title='bbox 0 0 993 3157; x_wconf 95' lang='lat' dir='ltr'> </span> 
     </span>
    </p>
   </div>
  </div>
 </body>
</html>
