1924 3132
439 95 441 99 ’
478 95 481 119 i

291 167 384 197 oecnern
398 166 448 196 aon.
463 166 590 194 eorvrrrrcon
811 158 834 193 30

46 286 184 335 neglexerint,
196 288 267 326 nostra
280 298 302 326 se
313 298 324 326 a
335 285 412 325 divinis
427 285 504 334 officiis
519 285 643 325 auctoritate
659 285 756 325 noverint
772 287 834 327 inter·

47 352 122 399 dictos,
135 354 157 392 ut
171 364 210 391 nec
225 352 264 401 ipsi
280 352 371 401 uspiam,
383 363 422 391 nec
437 351 471 391 alii
483 352 503 391 in
514 363 588 391 eorum
604 350 692 390 ecclesia
703 350 723 390 id
735 350 834 391 exhibere

47 419 190 467 praesumant,
206 417 347 466 quoadusque
362 416 414 457 haec
429 428 440 457 a
455 415 518 457 nobis
533 418 645 465 praecepta
661 415 779 465 perficiant.

99 503 201 549 Mobillon,
215 503 299 540 Annales
312 503 336 540 O.
350 504 368 541 S.
382 503 453 539 Bened.
466 504 483 540 V
496 504 539 546 3363
554 503 583 539 Pi.
597 504 636 548 151,
649 503 693 547 3923
707 503 730 538 lL
743 504 795 540 5533.

423 673 477 716 160.

103 787 161 833 1095,
177 785 238 826 Febr.
254 787 287 825 18.
306 785 406 825 Urbanus
420 785 443 824 II
454 783 582 823 monasterio
597 783 619 823 S.
631 783 720 833 Aegidii
734 782 774 830 (St.
790 784 836 824 Gil-

48 850 94 897 les).
110 850 252 899 Raimandas,
267 850 384 890 Tolosanns
399 846 520 896 (Tonloaset
535 860 610 898 comes,
622 848 720 897 rapinam
734 862 798 899 onam
813 862 853 892 ex.

46 918 157 966 parentum
175 915 284 956 invasione
298 916 320 955 in
335 915 404 955 aliare
421 914 443 955 S.
459 913 548 963 Aegean·
565 913 655 963 tenebat,
671 915 799 956 monasterio
814 915 836 954 in

51 982 155 1022 Tolosona
169 980 248 1030 synodo
262 980 362 1021 restitnit.
381 980 481 1020 Urbanas
495 978 678 1028 confirmatione
692 979 837 1020 dimissionem

48 1048 106 1087 etin
120 1047 220 1096 saturam
239 1048 312 1086 contra
331 1046 439 1085 invasores
457 1044 560 1094 speciales
578 1057 658 1093 poenos
677 1046 761 1085 statuit.
783 1046 837 1095 Ejus

28 1151 29 1154 ,
47 1112 138 1162 epistola
151 1114 224 1161 postea
239 1112 261 1152 in
276 1112 363 1152 coneilio
380 1111 505 1151 Placentino
524 1109 645 1156 (Pincenza)
660 1110 737 1150 relecta
754 1113 776 1151 et
788 1123 836 1151 eon·

43 1179 137 1228 firmata
151 1179 190 1227 est,
206 1176 292 1218 addito:

102 1267 136 1308 isti
152 1279 227 1307 omnes
237 1265 406 1315 Archiepiscopi,
419 1266 519 1315 Episcopi
535 1268 555 1306 et
569 1264 663 1305 abbates
678 1265 699 1304 in
715 1265 837 1306 Placentina

48 1333 131 1382 synodo
149 1332 265 1372 residentes
283 1332 337 1372 hanc
355 1331 486 1372 dimissionis
504 1331 597 1371 chartam
617 1333 731 1379 praecepto
749 1331 836 1371 Domini

49 1399 119 1448 Papae
133 1397 271 1438 laudaverunt
286 1400 306 1437 et
321 1397 508 1443 confirmaverunt,
520 1409 544 1436 ac
554 1396 617 1443 huius
632 1395 764 1436 dimissionis
779 1396 837 1435 dein-

48 1476 99 1513 ceps
109 1465 228 1503 invasorem
237 1464 269 1503 vel
278 1463 426 1512 subreptorem
435 1465 539 1511 perpetuo
548 1461 675 1501 anathemati
686 1460 835 1509 subdiderunt,

49 1532 69 1570 et
84 1529 236 1569 monasterium
255 1540 326 1576 omne,
342 1529 359 1568 si
375 1527 490 1577 aliquando
508 1527 589 1567 invasio
608 1526 719 1571 accideret.
736 1526 762 1567 ab
778 1527 837 1567 omni

49 1595 122 1635 divino
137 1593 211 1634 officio
227 1593 373 1634 interdicendo
388 1605 470 1633 cessare
484 1592 598 1640 iusserunt.

103 1680 169 1717 Baiae.
183 1680 307 1716 miscellanea
320 1681 335 1716 il
350 1681 392 1724 1773
406 1680 436 1716 PL
451 1681 489 1724 151,
503 1680 538 1716 399
551 1690 575 1723 ss,
589 1679 611 1714 1L
624 1679 677 1714 5540.

429 1849 484 1892 161.

106 1961 164 2007 1095,
179 1960 247 2001 Mart.
263 1961 296 2001 16.
315 1960 415 2000 Urbanas
429 1960 452 1999 ΙΙ
464 1960 555 2009 Hagoni
568 1959 643 1999 abbati
658 1958 802 2000 Claniacensi.

104 2049 171 2089 Porro
188 2050 242 2090 sicut
257 2062 268 2090 a
283 2049 356 2090 beatae
375 2050 492 2089 memoriae
510 2061 565 2097 papa
583 2047 692 2097 Gregorio
708 2048 728 2087 in
745 2049 840 2091 Romana

50 2115 141 2164 synodo.
157 2117 177 2155 et
192 2127 203 2155 a
218 2114 281 2155 nobis
296 2127 364 2164 nuper
378 2115 398 2154 in
414 2114 535 2154 Placentina
550 2115 651 2154 statutum
668 2116 706 2171 est,
723 2114 840 2162 praesentis

51 2180 154 2229 privilegii
170 2180 294 2224 auctoritate
305 2178 450 2227 decernimus,
462 2182 485 2220 ut
497 2179 548 2219 nulli
564 2180 590 2219 sit
605 2179 776 2229 archiepiscopo,
788 2179 839 2219 nulli

51 2246 161 2295 episcopo,
178 2245 228 2285 nulli
245 2236 375 2295 apostolicae
392 2245 449 2285 sedis
464 2246 534 2295 legato
549 2244 645 2291 facultas,
662 2244 707 2284 sine
725 2247 783 2286 certo
800 2246 840 2288 Ro-

51 2311 107 2350 mani
124 2311 231 2360 pontificis
246 2314 368 2360 praecepto,
380 2311 492 2351 adversum
504 2322 542 2350 vos
553 2313 588 2350 aut
601 2312 694 2350 vestrum
710 2311 840 2351 coenobium

51 2377 278 2417 excommunicationis
293 2380 328 2417 aut
343 2376 497 2416 interdictionis
513 2376 607 2425 proferre
622 2375 757 2423 sementiam,
771 2388 841 2425 neque

52 2444 127 2489 vestra,
144 2441 205 2482 vobis
221 2441 298 2489 invitis,
314 2441 393 2489 iudicia
408 2442 517 2482 ventitare.

68 2558 69 2561 ,
105 2527 154 2563 Biol.
169 2527 254 2564 Cluniae.
269 2530 313 2573 5103
329 2528 351 2564 IL
366 2529 418 2564 5551.
429 2508 454 2582 ξ
468 2528 590 2573 Privilegium
607 2526 680 2564 Urbani
697 2528 711 2563 ll
728 2528 772 2564 anni
790 2529 841 2573 1088,

52 2589 102 2624 Nov.
116 2589 131 2632 1,
145 2587 190 2623 nihil
206 2588 288 2633 speciale
303 2589 327 2624 de
342 2588 442 2624 interdicto
458 2587 548 2632 continet,
563 2587 597 2623 sed
613 2588 696 2633 generati
712 2588 772 2624 modo
788 2587 842 2623 dicit:

54 2647 135 2684 «Cetera
143 2658 188 2682 vero
197 2647 262 2683 omnia
271 2659 321 2694 quae
330 2649 460 2683 antecessores
470 2647 528 2683 nostri
539 2649 601 2683 vestro
613 2647 731 2683 Monasterio
744 2647 843 2693 privilegia

52 2706 175 2751 tradiderunt,
189 2717 318 2753 nosquoque
331 2707 480 2743 contradicimus
493 2708 550 2753 atque
562 2707 684 2743 firmamus».
700 2707 711 2742 1.
725 2718 740 2743 c.
754 2709 794 2743 514.
