1975 3157
435 144 563 181 SCRIPTORES,
576 144 688 173 ΕΡΙΞΤΟΙΑΕ

546 283 584 325 17.

224 395 274 435 Posi
284 395 330 436 000.
343 396 374 436 Ex
384 393 479 436 actibus¹
488 395 618 444 Pontificum
629 395 817 436 Ceuomuueusium
826 394 863 444 (Le
870 394 954 444 Maus).

223 486 268 525 Nec
292 486 380 534 longum
407 489 455 534 posi
476 488 568 534 temous,
594 485 670 526 accidit
693 489 716 525 ui
736 485 815 526 iaceret
837 486 956 536 Episcopus

171 547 325 600 [Avesgaudus]
342 551 450 598 castellum
467 562 528 591 causa
547 551 630 599 refugii,
649 552 736 591 nomine
759 551 882 591 Duuellum.
905 551 956 598 Quo

169 616 262 663 firmato,
278 617 335 656 verrit
349 619 412 656 nocie
427 616 545 656 Herberius
555 616 635 657 Comes
646 629 693 656 cum
706 617 840 657 mullitudine
851 617 955 667 equitum,

170 685 189 722 ei
204 683 260 731 cepit
275 682 326 721 illud
342 683 369 729 vi,
385 686 448 731 atque
466 683 568 722 destruxit
589 685 637 722 aule
659 682 784 722 diluculum.
808 683 849 722 Pro
871 694 912 730 qua
935 694 956 723 re

171 742 244 795 petivit
259 747 344 787 Praesul
360 748 476 787 Belismum
493 748 561 787 fratris
576 748 608 787 sui
624 747 734 788 Guillelmi
746 748 863 794 castelium,
876 750 896 787 el
907 748 956 787 inde

170 813 362 852 excommunicavii
378 813 505 852 Herberium
529 813 645 860 Comitem,
668 815 781 861 loiumque
803 813 955 861 Episcopatum

169 889 242 925 suum;
259 881 279 918 ei
293 878 342 918 fecii
353 890 459 927 guerram,
470 879 508 919 sed
519 890 561 919 riou
573 878 696 928 praevaluit,
708 879 792 929 qualem
804 879 873 928 poluit
883 879 956 919 iorlio-

170 957 222 985 rem.
239 945 336 994 Utroque
351 948 421 985 aulem
440 948 523 995 pacato,
547 946 622 985 iterum
645 945 735 986 absolvit
757 945 873 986 dioecesim
895 957 955 985 suam

170 1013 261 1051 ervenit
277 1012 297 1051 iu
312 1013 417 1052 civilatem
434 1012 460 1052 ad
476 1012 632 1052 manendum...

224 1078 298 1118 Evenit
313 1080 391 1125 aulem,
407 1079 461 1118 sicui
471 1090 535 1126 saepe
546 1079 629 1118 evenire
640 1077 701 1125 colei,
714 1080 736 1117 ul
748 1078 865 1118 Herberius
876 1077 956 1118 Comes

170 1155 203 1183 res
219 1143 324 1183 Ecclesiae
340 1156 411 1184 rursus
427 1144 560 1183 invaderet...

223 1208 289 1255 Quod
305 1221 353 1248 cum
369 1209 462 1249 audisset
477 1209 570 1255 Praesul
587 1210 779 1249 excommunicavit
795 1209 954 1258 Episcopaium.

170 1274 272 1322 quamdiu
288 1275 308 1312 io
323 1274 460 1313 couleuiione
477 1274 569 1313 fuerunt.

222 1347 324 1389 Muliiilou,
337 1348 405 1384 Vetera
419 1348 509 1383 Analecta
522 1347 583 1392 (Paris
597 1347 650 1392 1723)
664 1348 708 1389 304;
722 1347 811 1392 Bouquei
824 1347 840 1383 Χ
853 1347 894 1383 385,

547 1477 584 1519 18.

223 1590 270 1629 007.
288 1586 424 1638 Aiinoi'nus2,
444 1589 492 1629 Viiu
509 1588 531 1629 S.
547 1589 651 1629 aaronis.
668 1609 694 1614 —
708 1590 792 1630 Nurrut
807 1589 830 1630 S.
848 1589 956 1629 Arionem

169 1657 266 1704 rogorum
281 1668 294 1695 rr
308 1654 398 1700 Rabirio
413 1655 541 1695 Francorum
556 1666 604 1704 rege
613 1655 701 1700 Romam
716 1655 827 1704 migrasse.

224 1739 250 1779 C.
268 1741 299 1779 ll.
316 1738 431 1787 Praecipua
446 1750 496 1778 vero
512 1750 583 1777 earum
600 1750 639 1787 pro
654 1738 731 1787 quibus
747 1739 838 1778 directus
856 1741 887 1778 esi
908 1750 956 1779 cau·

170 1816 248 1850 sarum,
274 1805 326 1843 lraec
349 1804 399 1843 iuii:
430 1804 479 1852 quia
503 1803 604 1843 Amulius
628 1804 743 1846 Remorum
768 1803 955 1853 Archiepiscopus,

170 1869 250 1918 absque
272 1870 325 1908 iusta
347 1870 446 1908 audentia
467 1869 518 1908 sede
539 1880 576 1908 sua
599 1869 691 1917 privatus
713 1868 865 1917 cusiodiaeque
889 1869 956 1908 luerat

170 1935 309 1982 mancipatus.
332 1933 368 1973 Ob
390 1934 438 1979 hoc,
461 1933 581 1982 Gregorius
602 1934 620 1973 V
642 1935 677 1982 qui
701 1933 773 1973 loanni
794 1935 814 1973 iu
832 1933 956 1983 Apostolica

224 2038 229 2059 ¹
245 2039 270 2074 Hi
290 2041 341 2075 aelus
355 2040 446 2075 vocantur
459 2049 538 2085 quoque
552 2038 610 2075 Gesta
623 2038 759 2084 episcoporum
773 2037 956 2084 Cerromaueusiumy

170 2099 269 2145 complura
288 2099 363 2135 saecula
382 2099 538 2144 complectuniur‚
558 2099 643 2135 diversae
663 2101 724 2144 parles
744 2110 754 2134 a
773 2099 829 2134 variis
847 2098 964 2134 auctoribus

170 2159 267 2194 coniectae
280 2161 328 2194 suni.
343 2159 398 2194 Nova
411 2158 441 2194 ed.
454 2158 515 2194 Chau.
528 2158 604 2194 Bussou
617 2159 635 2194 ei
647 2159 714 2203 Ledru,
728 2159 753 2194 Le
769 2159 825 2194 llllaus
841 2159 892 2195 1001.
908 2158 956 2194 Vide

170 2218 263 2254 Fouruier
274 2219 281 2254 Ι
296 2220 339 2261 l00;
352 2218 480 2254 Manitiuslll
488 2219 532 2261 854;
543 2218 670 2261 lilutteubuclz,
684 2217 826 2253 Derrisclrlands
836 2217 957 2253 Gesclricliis-

171 2278 246 2324 quellerr
260 2278 266 2313 Ι
281 2276 343 2323 (1004)
356 2278 397 2314 333.

224 2337 351 2382 2Αἰιῃοίηιιε,
365 2340 419 2373 natus
432 2348 447 2372 c.
461 2338 496 2373 070
509 2337 527 2373 iu
542 2337 620 2382 regione
635 2336 732 2382 Perigord
744 2347 760 2372 c.
773 2338 808 2373 080
823 2337 842 2372 iu
862 2339 957 2372 monaste-

171 2397 218 2432 rium
233 2396 351 2432 floriacense
365 2396 445 2442 (fleury,
459 2395 771 2440 Sarni-Benou-su1·-L0ire)venir,
785 2396 817 2431 uhi
837 2397 860 2431 ab
880 2395 957 2441 oprimis

170 2457 270 2501 magistris,
283 2456 331 2491 inter
343 2456 390 2491 alios
403 2467 414 2491 a
427 2455 444 2491 S.
458 2455 547 2496 Abhorre„
563 2456 663 2491 instructus
679 2457 716 2498 esc,
735 2455 792 2491 Abho
812 2457 878 2500 poslea
897 2455 957 2490 abbas

170 2516 230 2551 iactus
243 2526 287 2551 eum
301 2515 319 2550 iu
333 2515 399 2551 iliuere
412 2515 436 2550 ad
449 2514 545 2551 abbatiam
559 2514 583 2550 de
596 2515 622 2550 La
636 2513 694 2553 Reole
707 2515 796 2550 comiiem
810 2514 866 2560 elegii
884 2515 902 2550 el
921 2515 956 2550 sub

171 2575 211 2621 ejus
224 2576 285 2611 oculis
298 2586 314 2610 a.
329 2575 375 2611 1004
388 2569 495 2620 martyrium
510 2585 577 2620 passus
585 2577 618 2610 esi.
626 2574 727 2610 dimoiuus
740 2574 818 2610 floriaci
828 2576 901 2620 praeter
909 2574 957 2610 alios

170 2636 229 2671 libros
242 2635 343 2671 historicos
355 2635 418 2672 Vilam
428 2637 446 2671 cl
455 2635 566 2681 lilariyrium
575 2635 593 2671 S.
603 2634 691 2671 Abbouis
701 2635 780 2681 scripsit.
790 2634 818 2671 ΕΙ.
828 2634 850 2670 Ρ.
860 2635 957 2679 Fourru'er,

171 2697 219 2732 Dici.
229 2696 326 2732 d'lrisioire
335 2698 353 2731 el
362 2694 427 2741 geogr.
437 2695 482 2731 eccl.
492 2696 498 2730 Ι
510 2696 564 2739 1180;
574 2695 670 2731 Manilius
682 2695 698 2730 ΙΙ
708 2695 752 2737 239;
765 2694 892 2731 liluiiembociz
901 2695 906 2729 Ι
916 2694 957 2730 400
