1975 3157
385 155 477 185 DECRETA
492 154 542 185 Rom.
557 154 684 184 PONTIFICUM

518 324 574 366 187.

196 435 253 481 1096,
269 434 327 483 Aug.
345 436 364 474 7.
383 433 483 474 Urbanus
497 434 519 473 il
533 433 694 474 Constantiensi
708 434 812 484 episcopo.

194 523 249 563 inter
263 522 421 563 Scalusensium
437 521 596 571 (illierlreiiigen
612 521 640 563 Ο.
652 522 673 563 S.
686 523 718 570 B,
730 521 891 569 Schaiihausen)
908 527 928 564 et

140 588 355 630 Raitenbuchensium
367 586 518 636 lRottenbucii,
531 589 551 629 d.
564 589 666 637 Ereising,
680 587 739 634 Bav.)
750 589 929 637 congregationes

140 665 205 703 quare
220 658 240 693 et
255 665 318 702 quam
337 654 417 693 diutina
438 653 544 694 discordia
559 653 629 700 luerit,
645 653 768 694 fraternitati
784 657 832 693 tuae
847 654 929 702 liquido

141 722 204 768 patet.
221 719 295 767 Nuper
309 730 357 758 cum
373 719 464 758 Turonis
482 731 584 766 essemus,
601 731 639 768 per
653 719 721 759 tilium
741 721 837 759 nostrum
857 719 929 759 Mane·

140 784 238 833 goidum,
252 784 379 833 ¹magistrum
395 784 524 832 scholarum,
541 784 643 834 pacificos
658 796 695 825 eos
710 785 852 825 audieramus.
864 784 929 825 Com-

141 850 211 889 munis
221 852 291 889 autem
302 849 359 889 lilius
370 849 486 897 Gerardus,
506 849 637 890 Scaiusensis
648 850 765 890 monachus
776 851 870 903 veniens,
882 862 929 890 ean-

141 915 189 954 dem
205 915 261 963 apud
272 926 312 955 nos
327 915 434 964 querelem
455 915 570 964 replicavit,
587 916 636 964 quia
651 915 750 956 videlicet
760 916 834 956 iratres
845 916 873 955 iiii
885 927 929 955 rno-

141 980 231 1021 nachum
248 980 336 1021 reddere
351 980 471 1021 noluerunt.
488 981 615 1021 Mandamus
631 982 701 1030 itaque
716 981 824 1021 dilectioni
840 984 896 1029 tuae,
908 984 931 1022 ut

141 1047 167 1086 ad
179 1047 335 1086 reformandam
355 1047 408 1086 inter
423 1047 481 1095 ipsos
496 1046 634 1086 concordiam
645 1059 694 1086 cum
705 1047 811 1096 religiosis
821 1047 890 1087 adhuc
901 1047 930 1087 in·

141 1112 223 1161 vigiles.
239 1111 305 1158 Quod
320 1113 336 1152 si
353 1112 419 1152 modo
435 1112 523 1152 obedire
534 1114 708 1161 contempserint,
720 1115 741 1153 et
751 1115 800 1162 post
810 1115 929 1153 nostrarum

141 1178 256 1218 litterarum
268 1179 414 1227 acceptionem
430 1179 483 1218 inira
498 1179 543 1218 dies
558 1178 615 1218 XXX
626 1179 755 1219 monachum
767 1178 825 1218 illum
837 1190 930 1228 proquo

141 1245 246 1284 intereos
261 1243 368 1283 discordia
382 1244 447 1283 crevit
461 1243 581 1283 Scaiusensi
600 1243 670 1284 abbati
686 1256 729 1284 non
745 1244 881 1291 restituerint,
893 1255 931 1284 eos

142 1309 242 1358 deinceps
257 1312 329 1349 nostra
343 1310 447 1349 sententia
461 1310 546 1349 noveris
562 1309 693 1349 interdictos.

190 1390 220 1426 PL
235 1390 432 1434 rsutsmltsoos.
447 1390 556 1426 -Eodem
574 1390 605 1426 die
621 1390 710 1426 Urbanus
730 1390 745 1426 ii
764 1391 801 1426 tale
820 1390 930 1426 mandatum

142 1449 233 1486 Odairico
252 1449 363 1495 praeposito
384 1450 542 1488 Raitenbucirensi
562 1450 622 1485 mittit.
636 1450 666 1485 Pi.
681 1451 720 1493 151,
733 1451 777 1493 4823
798 1450 819 1485 ii
832 1449 888 1493 soom
908 1449 930 1485 Α.

142 1509 266 1553 Braciimann,
282 1508 386 1545 Gerannnio
400 1508 504 1553 Pontificio
518 1510 524 1544 i
538 1510 578 1545 376.

518 1697 572 1739 188.

198 1807 256 1853 1097,
272 1807 318 1846 Ian.
334 1807 355 1847 9.
374 1806 474 1846 Urbanus
488 1806 510 1846 ii
522 1806 612 1855 Hugoni
626 1806 700 1846 abbati
716 1805 860 1846 cluniacensi.

197 1895 344 1935 interdicimus
362 1898 432 1934 autem
450 1895 489 1934 sub
507 1895 570 1934 simili
591 1895 730 1935 anathematis
750 1895 929 1944 promulgatione,

143 1964 165 2001 ut
182 1973 251 2009 neque
271 1959 397 2000 Cluniacum
416 1972 485 2010 neque
503 1960 549 2000 loca
566 1960 592 2000 ad
611 1960 631 2000 id
650 1961 775 2009 pertinentia
792 1960 930 2009 ubicumque,

143 2027 243 2075 Episcopi
259 2026 291 2066 vel
306 2025 423 2066 sacerdotis
438 2026 585 2074 deprimantur
600 2025 754 2065 interdictionis
768 2026 837 2073 titulo,
849 2038 887 2066 seu
898 2038 931 2065 ex·

143 2092 344 2132 communicationis
354 2092 447 2138 vinculo,
458 2092 490 2131 vei
501 2092 647 2131 anathematis.
659 2092 708 2132 Non
719 2092 775 2132 enim
788 2093 865 2141 patitur
875 2091 932 2132 sedis

143 2161 227 2198 sanctae
244 2157 380 2206 Apostolicae
398 2158 519 2205 auctoritas,
538 2159 560 2197 ut
577 2157 640 2197 uilius
657 2158 810 2206 cujuscumque
828 2169 932 2207 personae

143 2224 275 2272 obligatione
286 2223 434 2272 proscindatur
444 2235 455 2263 a
465 2235 488 2263 se
499 2223 585 2263 cuilibet
593 2235 694 2263 concessa
705 2223 798 2263 libertas.
808 2223 857 2263 Non
869 2224 932 2271 igitur

143 2290 217 2330 iratres
236 2290 265 2329 tui
286 2292 306 2329 et
326 2288 434 2336 Monactri,
451 2288 589 2338 ubicumque,
605 2288 759 2338 cuiuscumque
780 2289 878 2338 Episcopi
899 2288 931 2328 uel

144 2355 307 2402 maledictionis,
324 2354 356 2394 uel
371 2356 607 2402 excommunicationis,
622 2366 660 2395 seu
678 2354 832 2395 interdictionis
846 2354 932 2395 uinculo

143 2424 254 2462 teneantur
268 2421 354 2461 astricti.
367 2421 418 2461 Etsi
430 2421 477 2469 quis
487 2421 556 2461 sciens
567 2420 621 2460 hanc
631 2423 725 2460 nostram
739 2421 847 2470 paginam,
859 2423 932 2461 contra

144 2488 197 2526 hanc
212 2487 281 2526 iacere
299 2487 472 2536 praesumpserit,
488 2487 612 2526 auctoritate
630 2486 684 2526 beati
703 2485 766 2533 Petri,
783 2487 815 2525 cui
834 2486 932 2525 conditor

144 2553 241 2592 omnium
261 2552 340 2600 ligandi
361 2554 424 2600 atque
443 2551 540 2591 solvendi
559 2553 684 2600 potestatem
705 2551 820 2598 commisit,
839 2551 932 2591 Ecclesia

144 2620 220 2664 uestra,
236 2620 256 2657 et
271 2618 310 2666 ipsi
326 2616 426 2657 Nionachi
443 2617 586 2657 absolvantur.

197 2698 246 2735 Bibi.
261 2698 346 2735 cluniac.
360 2699 404 2741 5203
419 2698 441 2734 lt
453 2697 506 2734 5676.
