1924 3132
313 174 441 210 scninrones,
456 174 566 202 EPISTOLAE
810 165 833 200 39

1 300 7 347 ζ,
47 302 73 340 ita
87 296 149 344 culpa
159 294 243 334 veniam
254 295 377 343 requiratis;
394 294 505 334 defutura
520 293 632 334 assumatis
647 293 758 339 cautelam,
775 294 797 332 ut
812 294 832 332 et

1 364 5 411 f
46 362 105 404 nobis
120 360 157 399 fiat
171 359 232 407 quies
247 359 273 399 de
288 359 418 406 obedientia,
430 361 450 398 et
460 358 523 398 nobis
538 359 564 398 de
579 360 648 397 vestra
662 358 733 406 quiete
746 357 831 397 taetitia.

1 406 10 461 1
46 427 144 475 Alioquin
161 436 199 473 pro
214 427 272 464 certo
282 426 364 471 sciatis,
381 425 433 473 quia
449 425 474 471 si,
498 425 556 473 quod
578 423 639 470 absit,
656 424 676 462 in
699 423 832 463 contumacia

2 493 6 543 ᾗ
46 495 117 534 contra
140 491 198 530 illum
221 491 347 538 manseritis,
371 490 391 529 in
414 491 512 539 proximo
537 489 650 530 Conventu
676 489 831 538 Episcoporum

5 598 7 600 ,
47 570 108 608 grave
124 555 260 604 dispendium
276 556 394 596 incurretis.
410 555 491 596 Valete.
723 554 724 557 ’

93 637 181 683 Bouquet
194 636 210 672 Χ
224 637 268 680 474;
282 636 312 672 PL
327 637 366 680 141,
380 637 415 672 244
428 646 457 682 ep.
471 637 499 673 01.

420 783 461 846 263

0 863 6 960 Ξ
78 925 81 929 .
101 895 158 934 1021.
174 892 294 933 Ademarus
310 893 443 933 Cobuuensis
457 893 603 932 Historiarum
618 892 677 932 Libri
690 894 728 933 III.

100 982 144 1022 Lib.
162 982 188 1021 111
204 984 236 1021 57.
252 981 432 1031 Archiepiscopus
443 993 493 1021 vero
507 981 643 1021 Bituricensis
658 981 789 1028 Gauzlenus,
806 982 832 1021 ad

0 1033 5 1085 1-
47 1048 105 1095 cujus
125 1047 227 1086 diocesim
248 1047 360 1086 Lemovica
383 1046 479 1094 pertinet,
502 1043 559 1095 [quia
579 1047 690 1095 pecuniam
714 1046 834 1096 requirebat

0 1099 4 1115 '¹
48 1125 85 1162 pro
106 1112 243 1161 impositione
265 1123 375 1161 manuum,
398 1114 534 1160 contemptus
555 1113 586 1151 est
608 1108 635 1159 et]
658 1112 707 1160 quia
729 1113 774 1152 sine
796 1123 833 1151 sua

0 1183 4 1232 ξ
47 1179 170 1218 auctoritate
185 1175 305 1223 (Iordanusi
321 1179 456 1217 consecratus
473 1179 504 1217 est
522 1178 637 1226 episcopus
659 1175 832 1224 (Lemovicinusi,

0 1236 4 1302 {
49 1240 108 1291 [iacta
123 1242 201 1283 sinodo
212 1243 233 1282 in
244 1243 330 1283 Francia
341 1253 413 1283 coram
425 1254 474 1292 rege
486 1242 596 1290 Rotberto,
608 1242 643 1282 ubi
659 1245 740 1292 septem
755 1242 833 1283 archie-

48 1310 128 1358 piscopi
150 1308 263 1348 adfuerunt
280 1309 314 1348 die
336 1308 472 1348 Pentecostes
489 1321 537 1348 cum
560 1308 700 1357 suffraganeis
718 1305 832 1358 episcopis]

48 1378 114 1416 totum
131 1374 290 1414 Lemovicinum
306 1374 505 1421 excommunicavit,
522 1376 604 1423 praeter
619 1374 690 1414 locum
701 1374 767 1414 sancti
778 1374 833 1413 Mar-

0 1430 3 1448 ‘
48 1441 105 1481 ciaiis
120 1443 140 1480 et
155 1451 209 1488 quae
227 1440 312 1489 proprie
329 1440 356 1480 ad
374 1451 422 1479 eum
441 1440 581 1488 pertinebant,
601 1440 714 1489 ipsumque
726 1439 834 1489 prohibuit

48 1507 73 1547 ab
88 1506 161 1546 oiiicio
172 1517 211 1545 suo
222 1506 356 1555 episcopum.
372 1504 415 1551 Qui
432 1502 488 1553 [cum
504 1506 610 1546 racionem
627 1505 715 1545 reddere
731 1507 803 1555 posset
814 1508 834 1545 et

48 1584 92 1611 sese
104 1583 194 1620 purgare
205 1583 216 1610 a
226 1571 295 1620 culpa,
307 1572 324 1610 si
335 1571 405 1617 vellet,
421 1583 493 1610 coram
510 1582 564 1620 papa
576 1571 681 1618 Romano,
693 1571 773 1611 scilicet
784 1583 834 1610 con-

48 1638 158 1686 tempsisse
179 1636 363 1686 arcbiepiscopum
387 1637 496 1685 proprium
519 1648 582 1676 causa
604 1635 732 1683 Simoniaca,
753 1632 831 1684 tamen]

48 1703 184 1749 satisfaciens,
204 1702 266 1743 nudis
286 1702 384 1751 pedibus,
405 1714 453 1742 cum
471 1705 555 1742 centum
574 1702 655 1741 clericis
675 1704 695 1742 et
715 1701 833 1749 monacbis,

0 1759 3 1796 1
49 1768 148 1808 omnibus
167 1767 264 1808 similiter
283 1767 374 1817 pedibus
393 1767 463 1814 nudis,
487 1768 606 1808 ssituricam.
623 1768 696 1807 sedem
717 1768 775 1815 adiit,
798 1767 834 1807 ubi

0 1844 3 1883 1
49 1833 220 1882 archiepiscopus
235 1845 283 1872 cum
299 1834 356 1873 clero
373 1834 404 1872 eis
421 1834 524 1881 processit
539 1833 632 1879 obviam,
652 1835 671 1872 et
689 1845 737 1872 cum
753 1833 835 1872 honore

0 1884 2 1925 3
49 1910 85 1938 eos
100 1898 215 1953 deducens,
232 1899 290 1947 quod
306 1899 407 1947 ligaverat
422 1898 519 1938 absolvit.

96 1979 156 2015 non
170 1978 236 2024 script.
251 1979 276 2015 nr
289 1980 333 2023 1433
347 1979 377 2015 nc
391 1980 431 2023 nn,
445 1979 467 2015 n]
475 1989 489 2014 s.
552 1977 558 1986 ·

423 2125 463 2167 27.

46 2230 48 2233 ’
104 2237 161 2276 1027.
177 2236 246 2285 Epist.
266 2235 367 2276 Wiilelmi
380 2235 473 2276 Abbatis
487 2236 510 2276 S.
526 2235 619 2285 Benigui
633 2236 720 2277 Dirioo.
740 2236 769 2277 od
784 2237 836 2277 Odi-

49 2300 116 2342 tonom
130 2302 234 2342 Abbotern
250 2302 347 2359 Clunioc.

138 2392 248 2431 Praeterea
264 2392 417 2432 innotescimus
433 2392 561 2441 pratcrnitati
577 2394 633 2439 tuae,
650 2392 708 2441 quod
731 2394 836 2433 monaste-

50 2455 103 2496 rium
118 2457 265 2504 Viziliazense,
282 2460 358 2506 agente
376 2457 479 2498 [andrico
499 2457 592 2504 Comite,
613 2458 725 2498 Monachis
740 2458 836 2506 ejusdem

49 2520 89 2561 loci
103 2534 151 2562 com
162 2521 244 2562 Abbate
255 2524 344 2572 turpiter
353 2523 432 2570 eiectis,
445 2523 538 2563 domnus
548 2522 614 2563 Oddo
625 2524 718 2573 suscepit
730 2525 776 2564 sine
787 2536 837 2563 con-

50 2586 105 2627 sulto
120 2588 220 2637 Episcopi
236 2587 445 2637 Augustodunensis.
455 2588 501 2628 Hac
510 2588 536 2628 de
547 2600 610 2629 causa
619 2589 639 2628 in
648 2591 704 2629 tanta
720 2590 749 2629 ira
764 2591 837 2629 contra

50 2663 88 2692 vos
109 2656 129 2694 et
151 2665 190 2694 nos
212 2653 327 2703 locumque
349 2656 445 2694 nostrum
467 2655 585 2695 concitatus
607 2657 646 2702 est,
669 2657 691 2695 ut
708 2667 752 2695 non
767 2655 836 2695 sotum

52 2718 105 2758 maia
120 2731 175 2768 quae
190 2731 264 2768 perse
280 2731 374 2768 suosque
383 2720 473 2768 poterit,
490 2721 582 2760 minatur
596 2719 659 2760 nobis
674 2721 775 2769 irrogare,
792 2721 838 2760 Μο-
