1924 3132
329 150 422 180 becaera
436 149 566 179 sruooonuu
819 141 842 176 79

66 277 136 317 anctae
147 271 186 312 Dei
198 271 305 320 genitricis
320 271 400 311 Mariae
414 270 494 310 scilicet
505 269 653 319 Rivipollentis
667 269 734 310 abbas
748 281 841 319 conque-

66 352 101 382 ens
122 349 187 386 super
201 336 289 376 Domno
311 336 440 386 Berengario
462 337 614 376 Tarraconensi
637 335 800 385 archiepiscopo
822 338 842 375 et

67 406 109 446 edis
130 402 230 442 Ausonae
251 401 316 449 clero,
332 402 368 451 qui
391 401 490 442 ecclesias
512 402 613 450 praedicti
636 401 743 447 coenobii,
762 401 842 440 scilicet

0 479 10 500 t
57 468 208 519 {finipollentis
224 470 297 507 contra
312 467 422 516 privilegia
444 467 561 516 apostolica
581 467 650 507 eidem
666 467 715 506 loco
730 478 741 506 a
757 466 842 516 pontifi·

68 533 236 576 ibus'Romanae
251 532 357 572 Ecclesiae
372 543 473 572 concessa
483 544 494 571 a
505 532 578 572 divino
592 532 665 572 officio
684 532 841 580 interdixerant.

0 601 10 656 ξ,
58 600 117 642 Unde
131 610 194 638 causa
209 597 336 637 concordiae
351 598 430 646 egressi
445 600 494 637 sunt
510 598 529 637 in
546 600 626 646 partem
642 597 765 637 Gualterius
779 596 842 637 Alba-

1 690 8 705 r
56 665 125 707 nensis
139 664 260 713 episcopus,
277 666 297 703 et
312 663 405 703 domnus
427 663 535 709 Ricardus
552 663 660 705 Romanae
679 662 784 702 Ecclesiae
799 674 842 702 car-

0 722 10 729 ”
64 730 129 771 linalis
144 731 164 769 et
178 728 244 768 abbas
265 729 411 775 Massiliensis,
430 731 450 769 et
465 728 611 769 Gothafredus
633 728 799 777 Magalonensis,
823 731 842 768 et

74 795 173 848 ernardus
188 793 343 842 Gerundensis,
360 797 380 834 et
394 793 486 834 Artallus
502 794 619 837 Ellenensis
634 794 754 843 pontifices,
770 797 790 833 et
806 793 842 833 Pe-

65 874 98 902 rus
112 860 252 907 Cuxanensis,
264 863 284 899 et
299 859 427 900 Benedictus
442 860 588 900 balneolensis
603 859 703 907 hbbatcs,
727 863 747 899 et
761 860 843 899 Willer-

62 939 101 966 nus
117 925 234 974 Raymundl
251 925 321 973 palatii
338 924 516 965 barchinonensis
538 925 627 974 dapifer,
644 925 712 965 etalii
731 924 843 974 quamplu-

67 993 101 1032 imi
122 991 229 1030 bonorum
252 990 363 1030 hominum
386 994 428 1030 tam
451 991 577 1031 clericorum
593 1002 656 1040 quarn
679 990 790 1038 laicorum,
807 991 842 1039 qui

65 1056 194 1097 ntertuerunt
209 1056 245 1096 illo
260 1055 378 1105 colloquio.
392 1055 446 1096 Ante
462 1056 501 1096 hos
516 1068 567 1096 vero
582 1068 658 1096 omnes
673 1046 779 1105 praefatos
794 1057 843 1096 Tar·

57 1122 176 1163 raconensis
191 1122 364 1171 archiepiscopus
378 1125 466 1162 testatus
480 1125 519 1169 est,
535 1122 594 1171 quod
609 1133 635 1162 eo
650 1123 757 1162 nesciente
767 1124 787 1161 et
797 1121 843 1162 abs·
860 1121 861 1124 ’

57 1201 96 1237 que
111 1199 148 1227 sua
168 1188 257 1227 omnino
278 1187 373 1235 jussione
393 1187 447 1228 iacta
468 1188 542 1227 fuisset
565 1187 684 1227 interdictio
706 1188 842 1228 ecclesiarum

0 1256 9 1311 ἓξ,
58 1253 182 1303 praelibatae
204 1252 292 1293 Sanctae
314 1253 393 1293 Mariae
416 1253 563 1302 Rivipollentis
584 1253 691 1293 coenobii.
709 1253 730 1292 ln
751 1264 843 1302 quorum

57 1320 117 1358 etiam
134 1319 252 1367 praesentia
266 1318 318 1358 dixit
329 1319 387 1367 quod
402 1321 560 1367 competentem
575 1318 654 1358 faceret
667 1318 769 1366 justitiam
785 1329 844 1366 prae-

57 1384 165 1431 nominato
185 1383 255 1423 abbati
271 1386 291 1423 et
306 1384 416 1423 monachis
439 1383 525 1432 praefixi
539 1378 646 1423 'coenobii
663 1383 689 1423 de
704 1383 785 1423 clericis
807 1385 843 1432 qui

58 1448 170 1498 praefatam
187 1448 356 1489 interdictionem
371 1449 471 1496 fecerant,
488 1452 508 1489 et
523 1452 620 1489 auctores
636 1449 703 1488 malae
714 1449 844 1498 operationis

69 1515 172 1554 xtiterant.
189 1514 214 1553 Et
228 1526 255 1553 ne
270 1515 339 1561 aliqua
354 1514 450 1554 alteratio
466 1514 498 1554 vel
514 1515 630 1554 inimicitia
640 1526 677 1553 seu
693 1514 800 1554 discordia
815 1515 844 1553 in-

66 1591 87 1619 er
101 1591 123 1619 se
133 1582 154 1619 et
164 1579 262 1619 abbatem
279 1581 463 1628 praenominatum
474 1582 494 1619 et
505 1579 623 1619 monachos
638 1579 683 1627 eius
698 1580 725 1619 de
740 1580 845 1619 violandis

0 1639 2 1649 ’
59 1644 183 1685 Pontificum
200 1644 346 1686 Romanorum
369 1645 485 1694 privilegiis
500 1645 579 1685 amodo
597 1645 695 1692 oriretur,
711 1657 783 1685 coram
799 1656 845 1685 om-

58 1709 118 1749 nibus
133 1711 230 1758 superius
246 1710 369 1750 memoratis
384 1710 416 1749 his
431 1710 501 1750 verbis
519 1711 619 1759 iniunxit:
637 1710 682 1759 Ego
705 1710 845 1759 berengarius

58 1776 122 1822 gratia
137 1775 176 1815 Dei
191 1776 355 1815 Tarraconensis
377 1776 551 1824 archiepiscopus
573 1776 637 1815 laudo
652 1779 715 1824 atque
739 1776 845 1816 confirmo

58 1851 93 1879 seu
108 1840 226 1881 corroboro
242 1840 352 1890 privilegia
367 1853 421 1890 quae
434 1853 445 1881 a
456 1841 552 1884 Romana
568 1841 660 1881 Ecclesia
674 1841 717 1888 jam
729 1842 786 1881 dicto
797 1841 845 1881 loco

59 1904 144 1946 Sanctae
159 1906 238 1946 Mariae
254 1906 401 1954 Rivipollentis
416 1906 515 1947 coenobii
531 1906 582 1946 olim
598 1907 683 1946 fuerunt
701 1918 809 1954 concessa,
826 1909 846 1946 et

59 1981 82 2009 ea
96 1971 116 2009 in
132 1974 258 2020 perpetuum
280 1971 371 2011 fideliter
393 1971 513 2011 observabo
535 1973 589 2011 sicut
603 1973 644 2011 mei
663 1975 807 2012 antecessores
822 1984 846 2011 ea

59 2035 132 2075 melius
141 2039 257 2076 noscuntur
265 2036 397 2076 observasse.
408 2037 548 2086 Berengarius
559 2038 626 2086 gratia
635 2036 673 2077 Dei
683 2037 846 2077 Tarraconensis

0 2130 6 2151 Ξ
59 2099 243 2151 hrchiepiscopus.
267 2101 343 2142 Actum
359 2105 390 2142 est
405 2102 446 2142 hoc
467 2102 524 2151 apud
548 2103 665 2151 praefatum
688 2103 801 2142 concilium
820 2103 845 2142 V.

0 2154 6 2212 Ξ
59 2164 107 2205 ldus
122 2167 167 2206 tulii
183 2179 239 2207 anno
254 2167 360 2207 XXXthl
375 2169 434 2216 regni
451 2167 543 2217 Philippi
560 2168 623 2216 Regis
639 2168 777 2208 Francorum.

105 2241 175 2286 florez,
190 2242 264 2287 Espai'ra
277 2241 361 2287 Sagrada
374 2242 427 2278 XXV
441 2240 478 2286 (ed.
491 2243 508 2278 2.
524 2242 576 2287 1859)
590 2244 634 2286 2183
648 2243 717 2278 Moesi
728 2243 763 2278 XX
776 2244 816 2278 940.

411 2413 412 2417 ,
433 2377 472 2419 75.

0 2521 3 2536 ÷
115 2482 172 2523 1096.
190 2482 253 2523 Cone.
269 2484 415 2523 Nemausense
436 2479 530 2531 (Names)
544 2486 655 2532 praesente
674 2484 760 2524 Urbano
775 2485 802 2524 ΙΙ.
818 2496 848 2523 ce-

61 2545 171 2588 lebratum.
213 2554 214 2557 ’
453 2566 455 2568 ·

0 2667 3 2683 ,7
87 2656 88 2659 ¹
114 2624 148 2665 IV.
164 2625 302 2675 Quicumque
323 2610 458 2676 episcopum,
482 2626 588 2673 abbatem,
611 2627 643 2667 uel
658 2627 847 2675 archidiaconum,
891 2652 893 2655 -

61 2688 91 2727 vel
108 2690 254 2740 presbyterum
266 2704 341 2741 capere
357 2693 533 2741 praesumpserit:
550 2687 742 2742 publica'prr'rnum
758 2693 848 2733 dedeco-
