1924 3132
222 684 249 734 ll.
270 712 303 717 —
325 680 454 732 Decreta
476 679 666 745 synodorum

426 924 465 966 64.

105 1031 151 1071 683.
169 1029 233 1071 Cone.
252 1030 373 1070 Toletanunz
388 1030 447 1070 XIII.
464 1026 570 1077 (Toledo).

0 1164 7 1173 „
94 1129 124 1160 ‘c.
140 1119 186 1160 Vll.
202 1120 246 1160 Vae
261 1118 293 1159 bis
309 1120 344 1168 qni
366 1119 446 1159 faciunt
470 1130 525 1168 opns
549 1118 636 1158 Domini
661 1118 840 1159 fraudulenteret

0 1170 6 1221 ἶ
54 1186 167 1233 desidiose,
184 1184 321 1235 propheticus
335 1197 406 1225 sermo
422 1184 531 1224 annuntiat
551 1183 635 1231 (ierem.
646 1182 729 1231 48,10);
744 1185 795 1224 etsi
811 1184 839 1224 illi

0 1239 6 1260 ³
54 1264 90 1293 vae
105 1252 221 1298 Incurrunt,
235 1250 271 1299 qui
287 1251 420 1300 negligenter
434 1261 489 1299 opus
505 1249 592 1290 Domini
608 1249 695 1297 iaciunt,
717 1250 775 1298 quod
791 1262 840 1299 sup·-

4 1358 6 1361 ξ
55 1317 139 1366 plicium
155 1316 293 1356 merebuntur
307 1317 342 1365 qui
359 1315 443 1355 divinae
457 1316 563 1355 servitutis
582 1315 661 1355 cultum
684 1315 763 1355 malitia
778 1317 840 1355 inter·

1 1397 7 1411 α
55 1382 140 1422 cedente
156 1382 182 1422 ab
198 1381 276 1421 altariis
284 1381 362 1422 Christi
371 1381 508 1421 subducunt?
518 1381 566 1421 illos
574 1381 665 1431 dicimus
676 1381 711 1430 qui
723 1380 841 1421 obstinatae

0 1457 5 1503 3
55 1448 129 1487 mentis
144 1447 257 1487 dolositate
272 1447 363 1494 contusi,
380 1458 428 1486 cnm
445 1446 516 1495 aliqua
532 1456 569 1487 eos
584 1446 682 1486 molestia
699 1446 840 1487 fraternorum

0 1503 5 1567 3
55 1514 169 1561 iurgiorum
186 1513 307 1562 pupugerit,
324 1513 397 1552 insana
412 1512 468 1552 illico
484 1513 601 1552 temeritate
617 1513 697 1561 abrepti
714 1512 786 1552 altaria
803 1525 840 1552 nu-

55 1579 127 1618 dantes
141 1579 227 1618 sacratis
242 1577 335 1618 vestibus
350 1581 436 1625 exuunt,
457 1578 569 1618 luminaria
593 1577 726 1625 subtrahunt,
750 1590 774 1617 ac
789 1578 841 1618 divi-

55 1655 130 1683 norum
145 1643 297 1683 sacrificiorum
313 1643 393 1683 cultum
409 1643 488 1683 malitia
511 1643 654 1683 intercedente
676 1643 806 1691 subducunt,
822 1647 842 1683 et

55 1708 111 1757 quod
123 1709 143 1748 in
154 1708 277 1749 hominibus
287 1721 310 1749 se
320 1708 428 1749 vindicare
439 1721 482 1749 non
493 1711 590 1757 possunt,
607 1709 704 1748 iniuriam
716 1708 771 1755 Deo,
783 1709 842 1758 quod

55 1775 113 1822 peius
128 1777 166 1822 est,
184 1774 283 1814 inierunt.
304 1774 367 1815 Unde
378 1774 394 1813 si
406 1773 529 1814 huiusmodi
545 1786 584 1824 pro
599 1774 692 1814 fraterno
707 1774 758 1814 odio
774 1775 842 1814 inomi-

55 1839 113 1879 cidae
135 1842 193 1880 reatu
217 1830 425 1888 adstringitur,‘pr0
448 1842 572 1889 contemptu
595 1840 667 1880 divino
690 1840 741 1889 quid
760 1852 842 1888 poenae

0 1887 3 1961 ξ
56 1904 183 1945 merebitur?
198 1905 276 1945 etenim
292 1906 348 1945 iuxta
363 1905 422 1954 quod
437 1905 521 1944 divinus
536 1917 607 1945 sermo
623 1905 745 1954 increpitat:
762 1906 779 1959 si
795 1917 843 1954 pec-

0 1970 2 2002 ἑ
55 1970 131 2010 caverit
146 1971 177 2010 vir
191 1971 212 2010 in
227 1971 303 2018 virum,
320 1970 397 2020 placari
413 1971 518 2020 eipotest
533 1971 597 2018 deus;
613 1971 629 2010 si
646 1971 693 2020 quis
709 1973 778 2010 autem
795 1983 843 2020 pec-

55 2036 131 2075 caverit
146 2036 166 2076 in
182 2036 254 2083 deum,
271 2037 318 2085 quis
334 2047 372 2085 pro
388 2048 413 2076 eo
429 2038 542 2085 rogaturus
557 2037 603 2076 est?
618 2036 679 2075 lacile
694 2047 746 2084 ergo
768 2036 842 2076 talium

0 2100 2 2131 ἓ
55 2100 188 2141 sacerdotum
204 2101 325 2142 excessibus
340 2101 374 2141 illa
389 2102 470 2142 domini
482 2103 587 2142 sententia
597 2101 738 2150 coaptabitur,
748 2113 790 2150 qua
801 2114 843 2141 ma-

0 2167 2 2170 ’
56 2165 97 2205 litia
113 2167 381 2223 percutitur-sacerdotum.
393 2166 450 2207 Dicit
460 2168 527 2208 enim:
545 2167 719 2207 Honoriiicantes
730 2179 764 2207 me
775 2167 843 2207 hono·

55 2226 150 2279 riticabo,
166 2234 202 2282 qui
220 2235 291 2273 autem
302 2235 442 2273 contemnunt
453 2245 495 2280 me,
507 2236 568 2273 erunt
579 2232 692 2282 ignobiles.
705 2232 844 2282 Quicumque

56 2308 107 2345 ergo
122 2298 257 2352 sacerdotum
273 2299 305 2338 vel
321 2299 467 2339 ministrorum
483 2298 584 2348 deinceps
599 2310 661 2338 causa
684 2298 796 2339 cuiuslibet
807 2299 845 2338 do·

57 2361 106 2402 loris
121 2363 153 2403 vel
178 2364 325 2420 amaritudinis
349 2366 460 2412 permotus
482 2366 517 2403 aut
541 2364 605 2403 altare
630 2364 725 2404 divinum
751 2363 845 2404 vestibus

56 2429 141 2468 sacratis
156 2441 232 2469 exuere
257 2431 430 2478 praesumpserit,
447 2431 482 2469 aut
503 2423 598 2478 urrannei
619 2429 658 2469 alia
681 2429 765 2478 lugubri
788 2432 845 2469 veste

57 2493 174 2542 accinxerit,
191 2507 228 2535 seu
237 2495 325 2535 etiamsi
335 2485 437 2535 consueta
447 2490 610 2535 luminariorum
619 2506 728 2535 sacrorum
739 2494 843 2544 obsequia
885 2536 887 2539 Α

57 2556 83 2597 de
97 2560 178 2608 templo
193 2560 226 2600 dei
241 2559 368 2601 subtraxerit
383 2561 415 2601 vel
430 2560 524 2609 extingui
541 2561 672 2609 praeceperit
680 2563 716 2600 aut
727 2560 846 2609 quodcum-

57 2634 97 2670 que
108 2624 242 2673 lugubritatis
257 2626 277 2665 in
292 2626 373 2674 templo
389 2626 422 2666 dei
439 2625 551 2681 induxerit,
567 2628 638 2674 atque,
655 2626 714 2675 qnod
730 2626 790 2674 peius
805 2629 845 2672 est,

58 2690 191 2731 occasionem
207 2691 310 2739 nutrierit,
327 2691 383 2730 unde
399 2692 425 2731 de
433 2691 519 2740 templis
528 2691 610 2731 domini
619 2694 655 2731 aut
664 2691 735 2731 officia
744 2694 846 2731 consueta
891 2695 892 2698 ’
