1975 3157
432 159 525 189 orcum
539 158 670 189 SYNODORUM

532 305 547 346 7
549 305 571 346 3.
979 344 984 351 .,

214 398 271 446 1096,
280 397 342 438 Febr.
351 397 414 438 Cone.
423 397 585 446 Ratornagcnse.
594 397 626 437 Er
635 396 732 437 Orderici
742 397 819 438 Vitaiis
827 398 886 438 Hist.
896 399 943 438 eccl.

213 488 257 527 l.ib.
281 487 308 526 lX
330 499 349 527 c.
365 488 385 527 3.
401 486 530 527 Guillelmus
552 487 616 535 igitur
637 485 810 536 archiepiscopus
831 486 944 527 concilium

160 553 272 601 Rotomagi
289 550 380 598 (Rauen)
396 552 527 601 aggregavit,
544 554 627 592 etcum
643 550 783 600 suffraganeis
798 552 905 601 episeopis
920 552 945 593 de
978 559 987 592 l

159 617 283 658 utilitatibus
299 617 445 657 ecclesiasticis
460 618 562 657 tractavit.
578 617 638 656 Tunc
653 628 728 657 omnes
743 629 816 657 mense
831 617 945 658 Februario
978 609 986 673 ³·

160 684 275 725 Rotomum
291 685 443 730 convenerunt,
460 683 551 731 capitula
566 682 650 731 synodi,
662 694 717 732 quae
729 683 786 731 apud
797 682 946 723 Clarummon-
981 727 988 738 .‚

159 751 202 789 lem
218 747 345 794 (Clermont)
368 748 422 788 lacta
439 751 477 795 est,
500 748 629 788 unanimiter
649 748 786 797 contemplati
809 751 869 794 sunt;
892 747 946 789 Scila

159 826 246 864 quoque
267 814 385 863 apostoliea
406 813 593 860 confirmaverunt,
609 816 630 853 et
645 813 767 862 hujusmodi
789 815 891 863 seriptum
910 825 946 864 po·

159 880 220 920 steris
235 879 372 920 dimiserunt:
983 874 988 894 ὃ

213 954 240 1003 (c.
256 957 291 996 i-3
305 956 331 996 de
345 957 410 996 trevia
429 957 478 1005 Dci,
494 956 524 996 od
537 963 600 1006 qaam
621 957 773 996 observandam
794 967 865 996 ornnes
880 967 893 996 a
906 956 949 996 XII
984 945 988 1003 Ξ

160 1022 223 1062 annis
238 1024 259 1061 ei
271 1033 337 1071 snpra
350 1033 389 1070 per
398 1022 543 1071 jararnentarn
557 1034 580 1062 se
594 1022 690 1072 obligare
703 1020 793 1069 debent).

214 1100 232 1127 c.
248 1089 268 1127 4.
284 1086 359 1127 Statuit
381 1090 489 1136 praeterea
510 1087 699 1137 sanctasynodus,
716 1089 738 1127 ut
753 1099 828 1127 omnes
848 1088 948 1127 feriantur

160 1153 301 1200 anathemate,
317 1153 352 1202 qui
369 1152 410 1192 liae
423 1153 566 1200 juramentum
581 1153 650 1193 lacere
665 1153 779 1200 noluerint,
791 1153 823 1192 vel
835 1152 889 1193 hane
899 1164 948 1192 con·
987 1158 988 1161 ’

161 1220 291 1258 stitutionem
314 1218 446 1265 violaverint,
463 1221 483 1258 et
498 1230 573 1258 omnes
588 1219 623 1268 qui
639 1220 670 1258 eis
689 1219 900 1265 communicaverint,
916 1218 948 1258 vel

161 1296 198 1323 sua
219 1283 425 1327 vendiderintasive
439 1284 492 1324 fabri
514 1284 559 1324 siue
581 1284 614 1323 alii
637 1283 753 1331 alliciales;
769 1285 813 1324 sive
833 1284 948 1333 presbyteri

161 1351 196 1399 qui
212 1361 249 1389 eos
264 1349 291 1388 ad
305 1350 481 1389 communionem
496 1350 635 1398 susceperint,
652 1349 684 1389 vel
700 1349 795 1389 divinum
811 1350 842 1389 eis
853 1349 948 1389 officium

78 1424 80 1428 ’
161 1415 256 1454 iecerint.
273 1414 321 1454 Hoc
335 1415 398 1454 etiam
414 1414 547 1454 anathemate
561 1414 664 1454 feriuntur
678 1414 769 1462 laisarii;
785 1417 805 1454 et
820 1417 915 1463 raptores
930 1418 950 1454 et

162 1482 270 1529 emptores
292 1480 426 1529 praedarum,
449 1483 469 1520 et
490 1481 526 1529 qui
549 1481 569 1519 in
591 1480 664 1520 eastris
686 1483 844 1529 congregantur
864 1483 950 1529 propter

162 1545 289 1585 exercendas
305 1545 396 1594 rapinas,
412 1548 432 1585 et
447 1545 528 1585 domini
545 1546 579 1594 qui
596 1545 675 1585 amodo
691 1557 728 1585 eos
743 1546 867 1585 retinuerint
882 1547 902 1585 in
918 1557 950 1585 ca-

162 1611 210 1650 stris
224 1611 275 1650 suis.
288 1611 313 1650 Et
327 1611 451 1651 auctoritate
466 1610 584 1660 apostolica
594 1613 615 1651 et
625 1613 697 1650 nostra
712 1610 852 1660 prohibemus
862 1614 884 1651 ut
895 1611 950 1650 nulla

162 1676 302 1716 christianitas
317 1676 354 1715 liat
369 1677 388 1715 in
405 1676 465 1715 terris
480 1675 618 1716 dominorum
634 1675 727 1716 illorum.

210 1750 239 1786 ed.
252 1750 278 1786 Le
290 1749 436 1786 PrerosiTom.
450 1749 473 1785 lll
493 1750 536 1793 lla
550 1750 581 1786 Pl.
595 1751 634 1793 188,
654 1749 698 1793 0533
718 1751 755 1786 hoe
774 1737 876 1786 concilium
896 1750 952 1786 refert

162 1810 231 1846 Mansi
243 1810 277 1846 XX
291 1811 351 1846 92lss.
949 1818 951 1822 >

541 1935 580 1976 74.

219 2028 277 2067 1096.
291 2026 408 2067 Concilium
418 2000 563 2067 Nemausense
577 2023 679 2074 (illimes).
691 2026 766 2067 Aaaas
781 2016 905 2068 manasterii
915 2028 953 2068 Bc-

163 2092 211 2133 ned.
227 2091 385 2142 Rivipaiicnsis*
400 2089 490 2142 (Ripali
509 2092 530 2132 d.
550 2092 608 2138 lliclz,
630 2104 688 2140 pror.
712 2092 804 2139 Gerana,
829 2090 953 2141 Catalepta)

164 2159 260 2208 queritur
273 2157 299 2197 ric
313 2157 470 2207 archiepiscopo
487 2158 640 2197 Tarraconensi
649 2159 670 2197 ei
680 2159 734 2197 clera
748 2157 840 2198 diocesis
854 2158 955 2198 rlasonae

84 2240 86 2245 ·
165 2220 247 2271 (Vici).

218 2300 281 2340 Anno
310 2300 436 2341 Dominicae
461 2301 613 2341 lncarnationis
637 2299 735 2341 lllXCVl.
760 2300 815 2340 nera
843 2301 954 2341 millesima

165 2365 279 2412 CXXXIV,
295 2367 352 2407 venit
367 2365 474 2406 Dominus
489 2378 543 2415 papa
559 2366 659 2407 Urbanus
674 2366 700 2405 ad
715 2365 866 2405 celebrandum
885 2368 954 2406 conci·

165 2432 216 2471 lium
227 2431 284 2480 apud
299 2432 405 2472 civitatem
416 2431 584 2471 Nemausensem
596 2443 644 2471 curn
656 2431 791 2471 multitudine
802 2432 954 2480 episcoporum

165 2500 228 2545 alque
243 2496 346 2536 abbatum·
359 2499 379 2536 et
394 2499 512 2537 ceterorum
529 2496 625 2536 fidelium
641 2496 717 2536 diversi
733 2497 822 2543 ordinis,
839 2508 864 2536 ex
884 2497 955 2550 multis

166 2562 280 2614 prouinciis
295 2565 358 2611 atque
374 2561 497 2610 regionibus
513 2561 562 2602 illuc
577 2562 744 2609 confluentium
758 2561 794 2602 ubi
810 2562 836 2601 de
851 2565 907 2602 statu
918 2562 955 2602 Ec-

105 2626 107 2628 ’
166 2628 241 2667 etesiae
257 2627 295 2667 Dei
313 2628 378 2667 multa
393 2627 478 2666 luerunt
493 2639 504 2666 a
518 2626 560 2674 iam
576 2627 633 2666 dicto
645 2638 699 2675 papa
715 2627 832 2676 etreliqua
849 2630 955 2667 conventu

167 2692 213 2733 Deo
235 2693 352 2741 opitulante
375 2692 485 2741 disposita.
503 2692 558 2732 lnter
573 2704 627 2741 quos
642 2691 709 2732 adluit
724 2692 817 2732 domnus
837 2692 956 2732 Bernartius
