1975 3157
152 118 174 153 14
269 101 271 103 ι
417 125 545 161 scammatis,
558 126 669 154 EPISTOLAE

152 246 217 294 textu,
233 256 279 284 eom
298 245 345 285 sine
366 245 411 285 iure
425 246 452 285 ab
467 245 563 295 episcopo
580 247 700 295 occupatam
711 246 791 295 fuisse.
813 247 838 286 lu
860 246 938 287 iudicio

152 310 232 349 iniusto
245 310 328 350 Franco
342 311 453 360 episcopus
467 311 625 351 condemnatur.
644 311 709 361 Greg.
729 312 779 352 Tur.
795 313 873 361 refert:

206 387 224 415 c.
236 376 269 416 70.
286 375 384 425 Denique
395 376 549 416 condemnatus
559 376 706 426 spoliatusque
716 378 816 418 sacerdos
826 378 853 418 ad
863 377 937 418 urbem

152 441 213 488 redit,
236 444 299 490 atque
322 443 438 490 prostratus
458 443 479 481 in
499 443 618 482 orationem
640 453 712 483 coram
737 442 850 492 sepulchro
872 444 937 484 sancti

153 504 242 553 (mitrii),
259 506 316 546 dicto
332 507 406 556 psalmi
418 506 524 556 capitello,
540 508 580 547 ait:
598 507 666 548 «Non
681 507 715 547 bic
726 508 847 548 accenditur
857 508 937 556 lumen,

152 583 221 620 neque
244 572 375 620 psalmorum
397 573 515 612 modolatio
531 574 619 620 canitur,
636 573 790 622 gloriosissime
804 576 883 621 sancte,
898 574 937 613 nisi

153 637 211 685 prius
225 637 332 677 ulciscaris
346 649 419 678 servos
429 640 478 677 tuos
489 638 515 678 de
526 638 624 678 inimiciis
638 638 689 685 suis,
702 650 777 688 resque
787 638 825 679 tihi
836 638 939 679 violenter

152 702 232 742 ablatas
253 703 354 743 ecclesiae
375 705 460 743 sanctae
475 704 599 745 restituas»,
616 703 675 744 llaec
690 715 738 744 cum
751 703 843 744 lacrimis
853 704 937 752 citatus,

152 770 222 808 sentes
233 780 281 808 cuni
296 769 363 808 acutis
373 766 465 809 aculeis¹
481 780 545 818 super
559 768 664 809 tumulum
678 770 777 819 proiecit;
789 781 938 819 egressusque,

153 833 229 873 clausis
244 834 311 881 ostiis,
327 834 423 874 similiter
437 835 458 873 in
474 835 570 883 ingressu
585 834 636 874 alias
650 834 769 875 collocavit.

202 907 320 945 Cluildericus
337 909 382 954 post
396 909 444 945 llaec
461 909 526 944 morbo
545 911 641 954 correptus
658 908 779 955 pertinaciter
793 920 827 955 per
845 902 939 956 integrum

152 978 223 1003 ortuum
236 968 309 1012 restitit,
322 968 381 1004 donec
392 967 526 1013 poenitentiam
539 979 587 1014 ager
597 969 609 1003 t.

201 1038 262 1075 Nthl
276 1039 287 1073 1.
297 1049 312 1074 c.
322 1040 369 1075 789:
383 1038 413 1074 PL
422 1040 450 1084 71,
458 1039 498 1076 879.

469 1169 559 1210 Ὶ6.

208 1279 266 1320 Sacc.
290 1280 335 1320 Vll.
364 1279 412 1319 Vita
433 1279 456 1319 S.
471 1279 540 1328 Eligit
560 1280 709 1320 Noviomensis
730 1277 824 1329 (Nopon)
848 1280 941 1330 episcopi

154 1343 197 1392 (ob.
214 1342 275 1392 660),
291 1347 376 1385 auctore
389 1344 480 1384 Dodone
494 1345 590 1394 episcopo
604 1345 760 1395 Rotomogense
774 1343 817 1393 (ob.
838 1344 899 1393 683).

209 1428 253 1469 lib.
266 1429 272 1468 l
288 1441 306 1468 c.
318 1429 352 1468 30.
368 1427 416 1468 nno
427 1439 510 1468 rursum
526 1431 623 1477 ternpore
638 1428 689 1468 dum
705 1429 762 1478 apud
776 1429 868 1470 Parisios
883 1441 940 1469 corn·

155 1497 280 1541 moraretur,
303 1494 394 1542 quadarn
414 1494 448 1533 die
471 1505 532 1533 mane
547 1494 651 1542 confugiit
673 1494 699 1533 ad
718 1505 766 1534 eum
788 1494 942 1535 tremebundus

155 1562 226 1599 custos
241 1559 340 1599 basilicae
354 1561 438 1599 sanctae
453 1558 573 1599 Columbae
588 1559 683 1607 virginis,
700 1559 868 1609 provolutusque
883 1560 941 1609 pedi·

155 1625 195 1665 bus
216 1626 268 1671 eius,
285 1624 388 1664 nuntiavit
403 1624 477 1664 eadem
499 1636 522 1664 se
544 1624 666 1673 quiescente
681 1626 744 1665 nocte
759 1627 860 1665 vastatam
882 1626 940 1665 omni

155 1693 230 1730 ornatu
245 1690 310 1729 tuisse
325 1689 448 1729 basilicam:
464 1689 523 1738 quod
539 1689 619 1738 Eligius
634 1690 722 1730 audiens
743 1691 807 1730 tristis
824 1690 941 1730 admodum

156 1755 251 1803 eftectus,
268 1751 309 1795 cito
325 1758 394 1795 tamen
406 1755 432 1795 ad
443 1755 504 1795 solita
519 1755 680 1805 spei‘praesidia
695 1767 812 1803 recurrens,
828 1756 943 1796 clementer

156 1821 232 1861 relovit
242 1821 361 1868 custodem,
373 1820 450 1860 deinde
461 1821 487 1860 ad
499 1821 590 1860 eundem
604 1822 720 1860 oratorium
731 1832 830 1869 pergens,
846 1822 942 1861 oratione

156 1888 271 1936 praemissa
282 1886 333 1926 baec
344 1885 471 1935 loquebatur
486 1886 561 1926 verba:
577 1884 641 1934 Audi,
658 1887 733 1934 inquit,
745 1889 816 1926 sancta
826 1885 941 1934 Columba,

155 1964 210 2001 quae
225 1951 281 1992 dico.
298 1952 363 1991 Novit
378 1963 439 1991 meus
454 1952 584 2000 redemptor,
601 1951 640 1991 nisi
656 1952 698 1991 cito
713 1954 836 1991 ornamenta
847 1951 942 1991 taberna-

156 2018 195 2057 culi
212 2017 274 2057 buius
289 2017 356 2057 iurata
371 2017 486 2064 reduxeris,
505 2017 605 2066 equidem
623 2017 690 2066 spinis
707 2016 775 2057 allatis
791 2017 866 2057 faciam
889 2017 943 2057 banc

156 2084 239 2122 ianuam
263 2083 290 2122 ita
312 2082 413 2129 obserari,
437 2078 459 2122 ut
480 2093 589 2130 nunquam
607 2081 643 2121 tibi
663 2083 682 2121 in
702 2081 744 2122 boc
765 2082 813 2122 loco
835 2083 942 2122 veneratio

204 2199 208 2221 ¹
224 2199 276 2238 Ritus
289 2199 315 2235 ob
328 2198 419 2235 delictum
432 2198 557 2234 commissum
571 2198 679 2244 applicandi
692 2199 750 2235 sacris
765 2198 848 2244 reliquiis
862 2200 879 2234 et
898 2199 943 2235 ima-

156 2259 232 2305 ginibus
245 2260 308 2294 sentes
322 2261 339 2294 el
352 2258 417 2303 spinas
430 2258 448 2294 in
462 2258 547 2294 textibus
560 2258 616 2294 buius
631 2248 749 2294 collectionis
765 2258 841 2304 saepius
857 2259 943 2295 occurrit.

156 2319 323 2355 Commemoratur
337 2317 397 2354 'etiam
417 2329 434 2354 a.
455 2319 506 2362 1233,
527 2318 606 2363 quando
629 2317 732 2353 Mauricius
751 2318 832 2363 archiep.
855 2318 943 2357 Rothom.

156 2381 233 2424 propter
242 2378 313 2414 scelera
322 2378 371 2423 regis
381 2388 444 2413 sacras
453 2377 547 2422 imagines
560 2377 578 2413 in
589 2377 673 2413 ecclesiis
682 2377 753 2422 deponi
766 2377 829 2424 jussit:
862 2377 943 2413 Easdem

156 2438 200 2474 item
219 2435 313 2483 imagines
326 2437 386 2483 spinis
405 2437 514 2472 immediate
528 2437 639 2481 circundari,
653 2438 671 2472 et
684 2437 779 2483 aliquibus
792 2436 893 2482 repagulis,
913 2439 944 2473 aut

157 2497 259 2533 obstaculis
273 2508 297 2532 ne
309 2497 333 2532 ab
347 2496 412 2542 aliquo
421 2497 506 2541 contingi
515 2497 548 2531 aut
556 2495 649 2531 sordidari
663 2496 765 2542 contingat,
779 2496 856 2532 easdem
866 2496 944 2532 circum·

156 2557 219 2592 vallari
232 2567 276 2592 cum
290 2556 354 2592 debita
373 2556 470 2601 diligentia
482 2555 577 2591 faciatis
597 2555 700 2601 u'ncuerp,
720 2555 841 2601 Spicilegium
862 2556 885 2591 lll
903 2556 943 2591 614.

157 2616 185 2652 Cl.
200 2616 223 2652 Ο.
236 2615 496 2661 Dobinclze-RoJ'destvensqu
516 2615 541 2650 La
555 2615 583 2649 vie
599 2615 709 2659 paroissiale
724 2625 747 2650 en
764 2614 833 2650 france
853 2625 876 2650 au
894 2615 944 2651 Χ111ε
985 2643 986 2646 ,

157 2675 218 2712 siecle.
232 2675 291 2720 (Diss.
305 2675 357 2711 Paris
372 2674 424 2719 1911)
439 2675 477 2710 llo.
