1924 3132
302 154 396 183 Decaern
410 153 460 183 Rom.
474 144 602 181 PONTIFICUM

434 303 489 346 177.

114 392 172 439 1000,
190 392 257 432 Mart.
268 392 305 431 24.
319 390 419 431 Urbanus
429 390 451 430 ΙΙ
459 390 538 430 Ροηρίο
548 390 622 430 aaaaa
631 391 755 431 marzastarii
764 390 787 431 S.
802 391 846 431 Vic-

59 457 138 497 tatiani
151 457 280 497 Asaaieasis
295 455 347 503 (Sara
366 455 480 505 Victoria,
496 455 617 503 Sabratha).

113 534 245 583 Precipimus
259 546 309 574 vero
325 537 387 582 atque
402 523 559 580 constituimus,
571 536 593 573 ut
604 534 744 582 prescriptum
762 546 847 574 monas-

59 600 134 640 terium
146 602 166 640 et
176 599 215 639 sibi
227 598 311 639 subdite
326 599 504 648 congregationes
514 601 535 638 et
544 598 633 638 ecclesie
643 611 751 648 nunquam
764 611 803 648 pro
814 612 847 638 ex·
873 647 874 650 Ἴ

59 665 230 705 comunicatione
249 665 417 705 circumiacentis
435 665 543 713 provincie
561 653 771 704 excommunicentur
786 667 847 714 aula

60 730 136 770 divinis
152 730 289 779 proibeantur
306 730 391 770 oiticiis.
410 730 550 770 Decernimus
567 732 670 779 preterea,
681 733 704 770 ut
719 731 785 779 ipsius
802 741 848 770 mo-

60 796 143 835 nasterii
159 795 224 835 abbas
239 796 285 835 sine
300 796 386 836 iudicio·
394 796 451 835 sedis
466 795 583 844 apostolice
598 796 718 835 nullatenus
729 797 848 845 deponatur

60 873 99 901 ηερ
118 873 129 901 a
149 862 225 901 divinis
247 862 384 901 sacramentis
405 861 547 910 suspendatur
566 862 611 901 sine
631 861 696 901 literis
715 863 750 901 aut
769 862 866 910 nuntiis

60 927 133 966 domni
150 939 212 976 pape.

108 1001 160 1037 Paul
171 1001 228 1045 Kalaa,
244 1001 343 1047 Papsturk.
356 1001 374 1037 in
388 1001 477 1047 Spanien‚
492 1002 513 1037 ll.
527 1001 611 1037 Navarra
630 1002 669 1037 und
690 1001 767 1047 Aragon
787 985 864 1046 (masi

60 1062 103 1105 2703
120 1061 256 1097 documentum
272 1061 358 1106 spurium
372 1060 396 1096 de
410 1072 467 1097 manu
483 1061 569 1106 ejusdem
584 1061 659 1104 falsarii,
672 1061 704 1106 (μη
718 1063 736 1096 et
749 1060 848 1106 epistolam

61 1121 78 1156 d.
94 1120 120 1156 10.
134 1119 179 1165 ilpr.
194 1120 239 1156 1005
253 1119 303 1165 (νίοε
317 1119 382 1165 supra)
395 1120 481 1156 coniecit.
496 1120 519 1156 11.
532 1140 542 1146 -

435 1231 490 1273 178.

117 1319 175 1366 1000,
191 1317 261 1367 April.
279 1320 299 1357 7.
318 1318 417 1357 Urbanas
432 1318 454 1357 ΙΙ
466 1318 540 1357 abbati
556 1317 699 1358 Claaiacaasi.
711 1319 793 1358 Novam
808 1330 848 1358 rna·

61 1383 177 1423 aasteriara
192 1383 324 1423 Piatauiease
334 1383 394 1422 illias
405 1383 553 1433 jurisdictioni
566 1383 661 1433 subjicit.

115 1460 276 1509 Subiungimus‚
293 1463 315 1500 ut
330 1472 369 1500 nec
384 1461 495 1509 episcopo,
511 1472 551 1500 nec
568 1461 663 1509 episcopi
675 1461 792 1500 ministerio
803 1458 850 1505 tmi-

62 1523 149 1571 nistr0?)
161 1526 260 1575 cuiquam
271 1525 359 1566 facultas
369 1526 403 1573 sit,
412 1528 492 1566 temere
502 1526 553 1565 citra
564 1528 657 1566 nostram
669 1527 701 1565 vel
712 1526 775 1575 legati
784 1526 849 1565 nostri

62 1592 167 1631 licentiam
180 1592 199 1630 in
211 1591 282 1631 locum
294 1590 352 1630 illum
364 1592 591 1631 excommunicationis
606 1591 700 1642 prolerre
715 1592 849 1631 sententiam.

110 1666 203 1710 Martiae,
216 1666 273 1701 Thes.
287 1676 331 1701 nox.
344 1666 411 1701 anecd.
425 1666 430 1701 l
444 1666 488 1709 2673
502 1665 532 1702 PL
545 1667 585 1710 151,
598 1665 642 1710 4013
657 1666 679 1701 lL
692 1666 744 1702 5038.

436 1777 491 1819 179.

118 1864 176 1912 1000,
192 1863 263 1913 April.
279 1865 312 1903 12.
331 1863 431 1904 Urbanas
445 1864 467 1902 ΙΙ
479 1863 607 1903 manasterio
621 1863 644 1904 S.
655 1864 775 1913 Martialis,
789 1864 815 1904 Ο,
827 1864 850 1904 S.

62 1929 88 1969 B.
104 1928 256 1969 lemovicensis
271 1926 392 1977 (Limagesl.

118 2006 166 2046 l·loc
176 2018 263 2055 quoque
274 2006 378 2054 praesenti
390 2006 483 2055 capitulo
492 2006 649 2055 subjungimus,
659 2019 685 2046 ne
695 2019 733 2056 pro
742 2008 851 2047 communi

64 2072 177 2121 parochiae
188 2072 300 2112 interdicto
311 2072 343 2111 vel
354 2072 575 2111 excommunicatione
591 2073 742 2112 monasterium
759 2075 851 2112 vestrum

64 2138 177 2178 interdicto
188 2138 431 2177 excommunicationive
441 2137 551 2184 subdatur,
560 2140 583 2177 ut
593 2140 663 2177 tamen
675 2138 851 2177 excommunicati

64 2203 106 2243 illic
120 2203 153 2243 vel
169 2203 274 2243 interdicti
290 2214 424 2252 nequaquam
441 2203 467 2242 ad
483 2203 553 2242 divina
569 2203 640 2243 officia
651 2203 795 2243 admittantur.

112 2278 178 2314 Baluz.
192 2277 271 2313 lltliscell.
286 2278 300 2312 ll
316 2278 358 2320 178;
373 2277 513 2321 111514023
528 2277 615 2314 115030.

439 2389 493 2430 180.

120 2477 178 2523 1000,
195 2477 241 2516 Ian.
257 2477 279 2515 3.
297 2475 398 2515 Urbanas
412 2475 433 2514 ΙΙ
446 2475 536 2524 Hugaai
550 2475 624 2515 abbati
640 2475 783 2538 Claaiaceasi.
806 2477 854 2526 lpse

65 2541 193 2581 consecrarit
206 2540 314 2580 ecclesiam
329 2540 351 2580 S.
367 2540 461 2580 Martini
475 2540 501 2580 de
514 2541 610 2581 Lairaca.

120 2625 144 2665 Et
159 2625 208 2674 quia
224 2624 350 2673 disponente
366 2623 455 2663 domino
470 2623 522 2663 celle
538 2624 603 2672 ipsius
618 2625 682 2664 altare
700 2626 777 2665 nostris
788 2625 853 2665 mani-

65 2691 105 2731 bus
116 2692 262 2730 consecratum
274 2692 312 2736 est,
324 2689 422 2738 ampliori
443 2690 576 2730 veneracioni
588 2690 658 2730 locum
670 2691 739 2739 ipsum
753 2691 854 2740 deinceps
