1975 3157
365 191 458 221 DECRETA
473 192 522 221 Rom.
536 191 664 220 PONTIFLCUM

496 354 552 398 174.

178 460 236 506 1005,
251 460 303 499 Dec.
319 461 352 499 31.
371 459 471 499 Urbanas
485 459 507 499 II
519 460 624 508 episcopis
646 459 778 500 Cadurcensi
799 459 908 507 (Canens),

123 524 254 569 Railceicensi
269 523 355 571 (Redeat
366 525 495 565 Arvernensi
503 523 629 575 (Aaucrgne)
638 526 779 566 Lemauicensi
787 524 908 575 (Liinages).

123 590 197 630 Adeas
213 591 337 630 manasterii
348 590 374 630 O.
384 591 406 631 S.
416 591 441 630 B.
453 591 586 640 figiacensis
595 589 688 640 (Figeae,
697 590 718 630 d.
730 590 820 637 Canon)
831 591 911 637 Romae

123 656 149 695 de
162 657 235 695 rnnlfis
250 657 337 706 inJariis
357 656 484 696 manasterio
499 669 512 695 a
526 657 608 696 clericis
622 659 643 696 ei
656 656 718 697 laicis
732 656 801 697 illatis
822 669 910 706 canane—

123 723 170 761 stns
181 724 222 764 esi.
242 722 318 762 Variae
331 722 430 762 ecclesiae
443 721 541 770 aliaeque
554 734 588 762 res
602 722 687 762 ablatae
707 723 835 762 monasteria
850 723 910 763 nesii-

123 786 220 836 taena’ae,
236 799 307 827 amnes
321 787 414 836 insciciae
428 787 560 836 reparandae
579 789 641 827 sant:

179 878 267 924 ...atque
281 875 344 915 simut
359 887 435 915 omnes
450 877 516 925 ipsius
538 875 692 923 malefactores,
708 876 724 915 si
745 875 816 916 audita
837 876 911 916 admo·

104 958 106 961 ·
124 941 204 981 nitione
219 944 290 981 nostra
305 942 419 981 emendare
433 940 547 987 noluerint,
564 942 688 981 auctoritate
702 941 814 981 beatorum
825 944 911 990 aposto-

124 1006 193 1046 lorum
209 1006 263 1046 Petri
279 1009 300 1046 et
314 1006 381 1053 Pauli,
398 1006 424 1046 ab
439 1007 497 1046 omni
514 1006 586 1046 divino
597 1006 670 1046 officio
680 1006 832 1054 interdicimus,
843 1007 911 1047 donec

124 1072 274 1112 emendatione
289 1083 384 1121 congrua
399 1071 468 1112 abbati
484 1072 601 1120 figiacensi
614 1074 638 1126 et
652 1071 750 1119 ejusdem
759 1072 800 1112 toci
811 1071 911 1112 fratribus

124 1137 260 1177 satisfaciant.
277 1137 335 1177 Haec
350 1137 422 1185 itaque
432 1140 514 1184 cuncta,
527 1133 581 1185 duae
590 1137 740 1185 praediximus,
752 1137 844 1177 fideliter
851 1136 912 1177 vobis

77 1237 79 1240 .
125 1202 245 1249 observare,
254 1192 446 1251 'quemadmodum
462 1202 603 1242 confratribus
614 1204 699 1249 nostris,
710 1202 843 1251 firmiterque
854 1214 912 1242 man-

126 1268 209 1308 damus.

172 1334 264 1384 Analecta
278 1348 324 1384 turis
339 1348 432 1384 Pontificii
446 1349 462 1384 Χ
476 1348 539 1394 (1809)
552 1350 599 1393 5423
613 1349 635 1385 IL
648 1349 701 1386 5607.

502 1500 557 1544 175.

181 1606 238 1653 1006,
254 1607 300 1646 lan.
316 1607 337 1646 2.
356 1605 456 1646 Urbanas
470 1606 492 1645 ΙΙ
504 1605 631 1645 maizasieeia
650 1606 730 1654 Tutela,
743 1605 770 1646 Ο.
780 1606 803 1646 S.
812 1606 838 1647 Β,
855 1604 914 1653 (Tal-

126 1671 152 1720 le,
168 1671 189 1711 d.
209 1669 322 1720 Limngcs).

180 1760 212 1800 Ad
227 1761 279 1801 haec
299 1761 421 1801 adiicientes
441 1761 560 1807 statuimus,
583 1773 609 1800 ne
625 1772 663 1809 pro
684 1760 800 1801 malefactis
822 1761 913 1800 miiitum

126 1826 232 1866 Tutelensi
242 1828 310 1866 castro
319 1825 458 1866 habitantium
468 1827 620 1866 monasterium
630 1827 699 1875 ipsum
709 1826 912 1873 excommunicetur,

127 1904 150 1932 ea
165 1894 235 1932 tamen
251 1891 381 1938 conditione,
399 1894 420 1931 ut
436 1892 499 1931 iidem
516 1891 600 1938 milites,
612 1892 628 1931 si
640 1891 817 1931 excommunicati
828 1891 913 1938 fuerint,

127 1957 152 1997 ad
168 1957 239 1997 divina
255 1957 296 1996 illic
311 1956 382 1996 officia
397 1968 440 2013 non
456 1957 601 1997 admittantur.

174 2038 266 2074 Balazins
280 2038 328 2073 Hist.
342 2039 402 2074 Tutel.
417 2049 460 2084 app.
474 2039 553 2082 437ss.;
568 2038 598 2074 PL
613 2039 651 2083 151,
665 2039 711 2082 aar,
726 2038 748 2073 IL
761 2038 813 2074 5612.

503 2190 558 2233 176.

183 2296 240 2343 1096,
259 2295 359 2336 uranias
373 2296 396 2335 ΙΙ
407 2295 470 2335 Petro
485 2295 559 2335 abbati
575 2295 699 2335 maicasteeii
721 2295 748 2335 O.
758 2295 781 2336 S.
790 2296 816 2335 Β.
840 2295 916 2344 Carnf-

123 2362 196 2410 sensis
212 2359 339 2408 (Charraax,
355 2360 376 2400 d.
393 2359 501 2407 Paiiiers).

181 2450 214 2491 Ad
229 2451 289 2498 haec,
312 2451 361 2500 quia
382 2451 448 2500 ipsius
470 2450 571 2490 ecclesiae
593 2450 664 2498 altare,
689 2450 784 2490 Domino
806 2450 915 2499 largiente,

128 2517 206 2557 nostris
221 2518 252 2556 est
267 2516 366 2556 manibus
381 2518 536 2563 consecratum,
548 2515 671 2563 adjicientes
682 2516 802 2563 statuimus,
815 2518 837 2556 ut
848 2518 918 2564 preter

131 2582 252 2632 apostolice
266 2582 323 2622 sedis
339 2581 462 2630 pontificem
478 2581 548 2621 nultus
559 2581 660 2630 deinceps
671 2581 747 2621 audeat
756 2582 776 2620 in
788 2580 844 2621 idem
853 2580 917 2621 attare

129 2648 355 2688 excommunicationis
370 2649 406 2687 auf
421 2647 575 2687 interdictionis
590 2647 685 2696 proferre
700 2647 835 2687 sententiam.

176 2728 269 2765 Analecta
282 2729 329 2765 lurts
346 2728 439 2765 Pontificii
453 2729 470 2765 Χ
483 2728 546 2774 (1869)
559 2729 605 2773 5593
623 2728 711 2765 1L5627.
