1975 3157
176 145 200 179 44
293 170 295 173 ›
445 152 572 189 semermes,
586 152 697 181 EPISTOLAE

163 278 165 281 “
176 283 263 321 quoque
278 272 375 321 Regnum
387 272 489 312 Potoniae
497 272 609 312 interdicto
617 272 736 312 subiectum
745 272 849 321 generali:
866 273 896 312 sic
904 275 962 322 quod
986 283 988 328 g

177 340 259 386 praeter
273 337 378 386 baptisma
393 338 529 387 parvulorum
541 340 561 378 et
572 338 713 387 poenitentias
724 338 869 385 morientium,
882 337 962 378 nullum
987 329 988 342 ³

177 403 197 442 in
212 403 306 443 ecclesiis
321 406 341 443 et
356 403 473 452 parrochiis
493 403 614 452 provinciae
636 402 770 443 Gneznensis
793 403 962 444 Ecclesiasticum

176 471 211 508 aut
226 468 321 508 divinum
337 468 433 508 oilicium
449 468 590 509 celebraretur
604 477 644 508 nec
658 468 807 509 decedentium
822 480 913 517 corpora
924 471 962 509 tra·

176 534 276 574 derentur
290 535 418 583 sepulturae.
434 533 452 573 A
467 534 524 582 Rege
539 546 626 582 quoque
642 534 739 574 Boleslao
755 536 775 573 et
790 534 893 574 militibus
908 535 963 574 occi-

176 599 268 646 soribus,
284 600 321 640 sed
336 602 357 640 et
371 612 382 640 a
397 599 482 639 familiis
498 611 580 646 eorum,
596 599 648 638 nihil
657 599 785 648 reciperetur
794 600 814 639 in
823 599 962 647 oblationem,

177 659 228 698 nibil
244 660 264 698 in
279 658 436 708 eleemosynam
446 659 598 706 admitteretur,
608 671 646 698 nec
657 659 697 698 illis
707 658 795 707 aliquod
806 658 964 708 impenderetur

176 723 344 771 Sacramentum,
361 726 443 773 praeter
457 723 563 773 baptisma
578 736 692 773 puerorum
708 726 729 764 et
744 724 963 774 poenitentiamlabo-

177 789 271 829 rantibus
286 790 306 829 in
322 790 428 829 extremis.
445 789 547 829 Eamdem
563 789 818 838 quoquedistrictionem
835 789 854 828 in
874 789 964 838 singulis

176 861 236 906 locis.
252 861 278 900 ad
294 872 348 909 quae
363 863 420 901 extra
436 861 566 909 provinciam
589 859 740 900 Gneznensem
763 860 806 902 Rex
821 862 842 900 et
856 861 964 900 occisores

176 926 239 965 ceteri
255 928 275 965 et
289 926 368 966 conscii
385 926 515 972 devenirent,
531 925 645 965 mandabat
660 926 763 974 quamdiu
779 925 821 964 illic
843 928 964 974 praesentes
977 962 978 965 ,

177 993 310 1030 morarentur
328 990 444 1031 observari.

224 1065 337 1110 Bollondus,
350 1064 397 1101 Acta
410 1065 529 1109 Sanctorum,
543 1065 589 1110 Maii
602 1066 658 1100 Tom.
675 1065 689 1100 ll
703 1066 738 1101 233
745 1076 759 1101 s.

225 1149 281 1184 Nota.
295 1148 324 1184 De
337 1148 374 1184 hoc
387 1148 486 1184 interdicto
500 1149 594 1193 quaedam
608 1150 699 1184 annotare
711 1148 767 1194 juvat.
782 1148 876 1184 tiodiemi
886 1159 964 1193 quoque

176 1207 277 1253 scriptores
291 1207 315 1242 de
326 1218 349 1243 eo
362 1209 459 1253 tamquam
473 1207 497 1243 de
510 1207 559 1243 tacto
568 1208 675 1243 indubitato
684 1207 793 1253 loquuntur,
803 1219 819 1242 v.
827 1218 845 1253 g.
854 1207 875 1243 E.
887 1207 964 1252 Vooserz,

178 1266 261 1312 Papaute
274 1268 292 1302 et
304 1267 386 1313 pouvoir
399 1266 439 1302 civil
453 1265 464 1302 a
477 1266 566 1312 l’epoque
579 1267 604 1302 de
617 1266 711 1313 Gregoire
723 1267 757 1303 Vll
771 1265 833 1312 (1927)
845 1268 890 1303 258:
905 1267 964 1302 «Plus

176 1326 223 1370 tard,
236 1326 248 1361 il
262 1325 335 1372 deposa
349 1325 447 1362 Boleslaus
460 1326 475 1362 ll
490 1326 513 1361 de
530 1325 622 1371 Pologne,
636 1325 691 1371 apres
704 1325 769 1361 l’avoir
781 1325 848 1372 trappe
868 1326 965 1362 d'excom-
982 1320 983 1323 '

177 1385 314 1421 manicatum.
328 1385 372 1421 Sine
385 1384 500 1421 indicatione
515 1385 582 1421 tontis!
602 1384 691 1432 Similiter
703 1385 727 1421 A.
740 1385 802 1429 Hans,
816 1385 856 1421 Das
876 1384 965 1421 lnterdikt

177 1443 239 1489 (1929)
252 1447 268 1488 5,
282 1445 319 1480 hoc
340 1443 460 1480 interdictum
478 1443 533 1480 reteri
551 1444 592 1480 sine
611 1444 726 1480 indicatione
744 1444 808 1481 tontis.
821 1445 847 1480 H.
861 1445 905 1489 Dii,
925 1444 965 1480 Das

177 1503 266 1539 lnterdikt
278 1503 304 1539 im
318 1503 385 1540 ostelb.
399 1503 529 1539 Deutschland
543 1502 601 1548 (Diss.
611 1503 704 1549 Marburg
714 1502 767 1548 1913)
780 1504 799 1539 in
811 1503 876 1539 tabula
889 1503 965 1539 interdi-

177 1564 250 1599 ctorum
264 1563 330 1599 saltem
338 1562 411 1599 iontem
421 1562 503 1608 aliquem
517 1562 698 1607 (Damaleviciums.
711 1562 771 1606 XVll)
778 1562 854 1598 indicat.
867 1563 888 1598 F.
897 1561 965 1607 Kober,

176 1624 242 1658 auctor
255 1622 354 1667 primarius
368 1622 392 1657 de
399 1621 477 1657 historia
483 1621 576 1657 interdicti
583 1620 660 1666 (Archiv
666 1621 679 1656 t.
687 1621 719 1660 KR
727 1623 756 1665 21,
763 1620 794 1665 38)
802 1622 821 1658 8.
828 1620 964 1657 Bellormimtm

176 1682 274 1727 tamquam
287 1681 359 1716 iontem
373 1681 446 1726 allegat,
460 1680 492 1726 qui
506 1681 534 1716 in:
548 1680 636 1726 Risposta
649 1681 666 1716 al
681 1681 765 1716 Trattato
775 1680 805 1716 dei
814 1682 861 1716 sette
870 1680 964 1725 Theologi

177 1740 195 1776 di
209 1740 296 1784 Venezia,
310 1740 367 1786 Prop.
381 1740 414 1775 Vll
428 1739 480 1775 dicit:
496 1740 530 1774 «ln
545 1739 626 1775 Polonia
638 1739 687 1775 duro
701 1740 717 1775 al
730 1742 796 1785 tempo
814 1739 832 1775 di
847 1740 898 1784 Papa
918 1739 965 1776 Ore-

177 1799 232 1844 gorio
245 1799 278 1834 Vll
292 1798 405 1835 l'interdetto
419 1801 446 1835 tre
466 1799 515 1843 anni,
529 1809 539 1834 e
552 1809 628 1844 sempre
640 1799 660 1834 iu
680 1800 778 1834 osservato
797 1809 834 1835 con
854 1797 965 1844 pazienza».

177 1858 205 1894 Ct.
219 1858 283 1903 Opera
296 1859 361 1894 omnia
374 1857 435 1903 (Paris
449 1857 502 1902 1857)
515 1858 557 1894 Vlll
571 1859 587 1894 9.
601 1857 619 1894 S.
633 1857 758 1893 Bellarminus
774 1857 898 1903 probabiliter
915 1857 965 1893 lianc

177 1917 262 1952 notitiam
275 1927 299 1952 ex
312 1916 394 1953 Boronii
405 1916 514 1952 Annalibus
527 1916 571 1952 eccl.
585 1915 652 1960 hausit,
666 1915 689 1951 ci.
701 1917 757 1952 Tom.
767 1916 800 1952 Xll
811 1914 848 1961 (ed.
858 1926 901 1951 nov.
915 1916 965 1961 Aug.

177 1975 232 2011 Vind.
247 1973 353 2020 1740)(129.
368 1976 390 2011 Ε1
403 1976 496 2011 Baronius
510 1976 588 2021 quidem
601 1968 666 2011 Vitam
677 1974 695 2011 S.
709 1974 802 2020 Stanislai‚
816 1975 902 2021 episcopi
920 1975 965 2011 Cra·

177 2035 276 2079 comensis,
289 2037 366 2071 auctore
378 2035 463 2071 Iohanne
481 2035 569 2081 Longino
588 2034 690 2081 Dluglosz,
709 2034 803 2071 canonico
824 2034 903 2071 Cracov.
925 2034 965 2079 (ob.

178 2091 232 2139 1480)
247 2095 321 2140 allegat.
339 2090 341 2093 ’

225 2153 277 2195 Quid
290 2164 335 2189 vero
348 2153 411 2189 tontes
424 2153 540 2199 antiquiores
554 2153 633 2189 dicunt?

226 2213 295 2248 Fontes
308 2213 463 2258 contemporanei
478 2212 502 2248 de
515 2212 614 2248 interdicto
628 2212 688 2248 silent.
704 2213 790 2249 liabetur
799 2213 877 2259 quidem
885 2213 966 2259 epistola

177 2271 266 2317 Gregorii
278 2272 311 2308 Vll
326 2271 352 2316 (d.
365 2272 394 2307 20.
411 2271 456 2317 Apr.
477 2270 530 2316 1075)
544 2272 567 2308 ad
589 2272 697 2308 Boleslaum
717 2272 732 2308 ll
746 2272 815 2308 ducem
835 2273 928 2308 Poloniae
942 2272 966 2308 de

177 2331 284 2367 ordinanda
296 2331 423 2367 ecclesiastica
435 2330 598 2367 administratione
612 2331 704 2367 Poloniae
717 2333 736 2367 et
748 2331 773 2368 de
786 2332 878 2368 missione
894 2332 966 2377 legato-

178 2400 225 2433 rum,
238 2390 257 2424 in
270 2401 309 2435 qua
322 2390 420 2426 Boleslaus
433 2392 511 2436 propter
523 2400 577 2426 suam
590 2400 635 2436 erga
650 2390 668 2426 S.
679 2390 755 2426 Petrum
764 2390 875 2426 fidelitatem
885 2391 965 2426 multum

177 2448 269 2484 laudatur.
282 2448 311 2486 Ct.
325 2449 458 2500 GregonVll
469 2448 577 2495 Registrum
591 2449 606 2484 ll
620 2450 643 2485 73
656 2461 674 2495 p.
687 2451 728 2486 233.
741 2449 779 2486 Sed
794 2449 840 2485 nihil
854 2450 879 2486 de
887 2460 903 2485 a.
914 2451 965 2486 1079.

131 2551 133 2553 ‚
178 2507 246 2554 Neque
259 2508 290 2544 alii
302 2508 365 2545 tontes
380 2508 429 2545 illius
448 2509 512 2544 aetatis
532 2508 603 2554 aliquid
623 2508 647 2543 de
666 2509 866 2545 excommunicatione
886 2509 935 2555 regis
949 2512 967 2545 et

177 2566 276 2603 interdicto
291 2567 383 2603 Poloniae
396 2567 500 2603 continent.
514 2568 534 2603 ld
548 2567 601 2614 quod
616 2567 684 2603 mirum
698 2570 732 2612 est,
745 2579 790 2604 nam
803 2568 827 2603 de
841 2568 881 2604 aliis
890 2570 966 2604 contro·

177 2626 242 2662 versiis
256 2626 345 2673 Gregorii
358 2638 402 2663 cum
415 2626 492 2673 regibus
512 2626 609 2663 ludovico
622 2638 639 2662 ν.
647 2638 664 2672 g.
678 2629 696 2664 et
717 2627 801 2663 llenrico
821 2629 908 2664 auctores
921 2638 966 2663 con·

178 2686 297 2731 temporanei
310 2686 352 2722 tuse
365 2686 474 2732 loquuntur.
