1924 3132
303 164 396 195 proaem
411 164 460 194 aon.
475 164 614 195 rourrrrcuu,
824 157 847 191 23

58 285 117 333 quasi
129 284 155 324 de
166 284 249 332 integro
259 284 296 324 tibi
308 284 414 324 licentiam
425 295 515 332 usurpas
526 284 630 332 prefatum
646 283 846 323 excommunicandi

58 349 196 396 coenobium,
207 361 255 389 cum
267 349 308 390 hoc
318 349 355 389 libi
367 360 409 389 non
421 349 483 389 licere
499 348 561 396 hujus
575 351 647 389 sancte
662 349 719 388 sedis
734 350 847 389 auctoritas

58 416 213 455 autenticorum
228 417 315 455 testetur
330 416 351 454 in
366 415 452 454 datione
468 415 636 463 privilegiorum.
653 413 791 463 Quapropter
802 425 847 463 pre-

59 481 158 530 cipiendo
174 492 282 529 rogamus,
295 483 315 521 et
330 480 427 530 rogando
441 481 577 529 precipimus,
591 476 628 528 [ut]
641 479 719 519 nullius
729 481 791 520 etiam
808 479 851 524 sub,

59 545 147 586 obtentu
166 546 279 586 occasione
296 545 395 593 justitiae,
414 546 458 585 sive
476 545 691 592 excommunicando,
710 546 754 585 sive
773 546 848 585 missas

59 610 195 658 celebrando,
212 611 286 651 iratres
301 611 388 660 predicti
405 611 503 651 coenobii
520 622 630 660 presumas
646 611 770 659 inquietare.

112 686 170 732 Greg.
184 686 217 722 Vll
231 686 340 732 Registrurn
354 687 360 721 l
374 686 396 723 68
410 697 428 731 p.
441 687 473 729 9&
490 686 513 721 ll.
526 687 578 722 4846.

433 814 487 856 124.

114 914 173 961 1074,
189 912 259 962 April.
275 914 297 953 4,
314 913 431 963 Gregorius
449 912 488 952 Vll
503 913 631 953 monasterio
648 913 670 953 S.
686 914 772 953 Mariae
786 914 848 954 Pine-

59 979 156 1027 rolerrsis,
178 978 204 1019 O.
220 978 243 1019 S.
259 979 284 1018 B.
304 977 420 1027 (Piner0l0,
439 978 554 1028 Pierrrorrte,
570 978 633 1018 liodie
649 978 750 1018 Abbadia
766 979 848 1028 Alpina

61 1042 163 1092 vocatur).

146 1145 215 1182 neque
231 1134 293 1174 etiam
309 1133 404 1174 subditas
419 1133 528 1182 praedicto
539 1133 588 1174 loco
599 1133 706 1181 ecclesias,
718 1133 848 1183 ubicumque

59 1200 108 1246 sint,
125 1200 317 1246 excommunicare,
332 1200 364 1239 vel
380 1199 505 1239 interdicere
520 1200 619 1248 cuiquam
635 1199 703 1246 liceat,
715 1200 754 1239 nisi
770 1200 848 1249 apertis

60 1277 98 1313 pro
113 1265 181 1314 culpis
199 1267 220 1304 et
237 1277 290 1314 quas
307 1265 472 1305 vindocinensis
490 1264 556 1304 abbas
574 1268 594 1305 et
611 1264 686 1304 tratres
704 1266 806 1305 canonice
821 1264 847 1304 ab

60 1330 111 1379 ipsis
126 1331 233 1379 episcopis
248 1330 351 1370 admoniti
367 1330 481 1370 emendare
493 1330 685 1379 contempserint...

114 1396 224 1436 Praeterea
239 1398 313 1435 notum
329 1408 375 1436 esse
390 1395 490 1435 volumus
504 1398 589 1435 sanctae
604 1395 643 1435 Dei
660 1396 766 1436 Ecclesiae
780 1395 848 1436 tideli-

60 1460 107 1508 bus,
123 1464 143 1501 et
158 1460 207 1501 lruic
222 1464 306 1501 nostrae
321 1461 478 1501 confirmationi
497 1460 661 1508 adnectendum,
678 1461 736 1510 quod
751 1461 848 1501 Theode-

60 1527 115 1567 ricus
130 1526 268 1567 Carnotensis
283 1528 398 1576 episcopus
409 1527 429 1566 in
440 1526 500 1574 cujus
511 1527 591 1567 diocesi
607 1526 752 1575 supradictum
768 1526 848 1567 Vindo-

59 1593 144 1632 cinense
160 1590 289 1638 (Vendome)
300 1593 452 1633 monasterium
463 1593 526 1632 situn-
539 1594 640 1639 noscitur,
653 1592 770 1632 Clementis
781 1604 848 1642 papae

60 1658 191 1706 praesentiae
208 1669 268 1698 suam
286 1658 425 1698 transmiserit
442 1658 562 1707 epistulam,
582 1669 660 1706 rogans
677 1670 726 1698 eum
744 1660 848 1707 quatenus

60 1723 212 1763 monasterium
231 1724 300 1772 ipsum
320 1736 358 1772 per
372 1722 431 1763 illum
447 1724 477 1763 sic
491 1735 529 1763 sua
547 1722 698 1763 corroboretur
715 1724 847 1769 auctoritate,

60 1791 82 1828 ut
99 1789 151 1828 nulli
169 1800 316 1828 successorum
335 1800 423 1829 suorum
442 1792 491 1838 post
509 1801 557 1828 eum
576 1800 609 1828 res
626 1788 689 1836 hujus
707 1789 748 1829 loci
767 1789 849 1828 auterre

60 1854 92 1894 vel
108 1855 211 1901 minuere,
223 1854 255 1893 vel
271 1855 464 1902 excommunicare,
476 1866 513 1894 seu
529 1854 661 1901 interdicere,
673 1854 706 1894 vel
722 1857 847 1903 potestatem

60 1919 152 1968 aliquam
169 1920 189 1958 in
205 1920 252 1968 ipso
267 1919 316 1960 loco
331 1931 428 1960 exercere
446 1920 525 1960 liceret.

114 1995 144 2030 nc
159 1995 197 2039 ris,
211 1995 255 2038 7053
270 1994 292 2030 u
305 1994 351 2030 5264
365 1994 388 2030 ad
402 2005 418 2030 a.
433 1995 520 2039 rora-se
533 1995 591 2031 rrarra
603 1994 677 2039 Ponrd.
689 1995 714 2031 ur
728 1996 745 2039 2,
759 1996 798 2032 no.

435 2129 489 2172 125.

116 2230 174 2276 1074,
190 2229 239 2269 Mei
253 2230 274 2269 ό.
287 2229 404 2279 Gregorius
418 2228 456 2268 Vll
467 2229 539 2269 Udorzi
549 2230 645 2279 episcopo
659 2230 782 2270 Trerirerrsi.
794 2231 849 2270 Hor-

61 2296 120 2334 tatur
135 2306 188 2343 eum,
204 2296 229 2334 ut
246 2294 397 2335 Virdurrerrsem
415 2294 534 2344 episcopum
552 2296 594 2335 viee
610 2307 650 2335 sua
667 2296 760 2345 increpet
775 2296 801 2336 cle
815 2307 849 2335 rre-

59 2360 129 2409 glecte
138 2359 197 2400 sedis
207 2360 336 2409 apostolicae
346 2360 472 2400 auctoritate
481 2373 569 2410 eumque
578 2363 663 2401 moneat
669 2362 850 2402 utmoriasterium

61 2425 84 2465 S.
95 2425 210 2466 Michaelis
220 2425 250 2465 ad
258 2426 422 2466 communionem
432 2426 538 2475 restituat,
550 2427 572 2466 iri
587 2438 628 2476 quo
643 2426 737 2467 divinum
751 2427 849 2476 officium

57 2491 112 2539 fieri
125 2491 205 2541 injuste
219 2491 364 2550 interdixerat.

156 2581 277 2630 pariterque
292 2593 340 2620 eum
356 2580 506 2629 admonemus,
523 2584 545 2622 ut
561 2582 669 2631 praedicto
687 2582 735 2622 loco
753 2571 849 2622 commu-

61 2646 147 2685 nionem
159 2647 286 2703 sacrosancti
298 2649 318 2686 et
329 2646 393 2686 divini
405 2647 492 2687 misterii
504 2647 585 2687 reddat.
601 2646 628 2687 m
638 2648 655 2687 si
667 2647 701 2687 ille
711 2647 763 2687 haec
778 2649 850 2689 nostra

63 2714 121 2760 parte
139 2712 273 2761 procuranda
291 2713 372 2753 monita
390 2712 507 2763 adimplere
525 2713 635 2764 spreverit,
653 2713 690 2753 tibi
711 2713 849 2762 injungimus,
