1975 3157
163 102 186 137 20
428 109 557 147 semprones,
570 110 681 138 errsrocxe

163 230 255 279 gemitus
265 242 287 270 se
300 231 321 270 in
332 241 381 270 meo
392 230 456 270 corde
471 242 514 270 non
527 231 620 280 capiunt,
637 232 700 279 atque
715 243 740 270 ex
755 231 829 270 intimo
845 231 949 271 viscerum

162 295 237 335 dolore
249 296 340 345 peccatis
352 296 405 336 meis
416 298 500 345 reputo,
512 296 571 345 quod
582 298 604 336 tu
615 296 664 336 talia
676 296 733 335 iilius
746 308 806 336 meus
819 297 840 335 in
852 299 950 345 tempore

162 362 202 401 isto
211 362 310 401 novitatis
319 363 499 411 praesumptione,
507 373 561 410 quae
570 361 596 401 de
604 360 703 410 superbia
712 361 841 402 descendere
847 362 948 408 noscitur,

162 427 207 476 agis
222 427 292 476 qualia
307 438 415 476 nunquam
432 427 486 467 ullus
501 428 652 476 episcoporum
664 426 740 475 legitur
755 428 948 476 praesumpsisse...

215 492 333 542 Episcopus
351 492 470 532 violentiora
487 492 530 532 sior
547 492 630 532 illatam
645 492 752 541 patienter
766 492 878 540 sustinere,
896 504 949 532 ruor-

162 569 225 607 ouom
240 569 286 598 vero
300 569 345 598 eom
361 558 401 597 toli
414 558 476 598 modo
490 557 565 597 ulcisci
578 558 645 598 debet.

216 624 241 663 Et
255 627 340 663 sanctus
355 622 474 672 Gregorius
495 623 590 663 scribens
611 624 637 663 ad
657 624 775 663 Ianuarium
792 624 854 664 dicit:
875 624 950 664 «luter

163 690 259 737 querelas
275 689 410 738 multiplices,
426 690 502 738 inquit,
519 689 612 729 isidorus
627 689 658 728 vir
672 689 802 729 clarissimus
824 701 835 729 a
854 689 949 729 fraterni·

164 757 205 794 tate
220 757 255 794 tua
270 754 346 794 trustra
361 766 384 794 se
406 755 613 794 excommunicatum
636 754 880 804 anathematizatumque
898 767 948 795 con-

161 823 248 869 questus
270 822 308 860 est.
331 819 397 867 Quod
412 832 476 869 quam
492 820 520 860 ob
536 831 579 860 rem
595 819 673 860 tactum
689 820 751 860 tuerit
767 820 817 860 dum
840 832 851 860 a
872 820 949 861 clerico

161 889 206 933 tuo,
229 887 264 934 qui
288 898 387 935 praesens
409 888 459 932 erat,
484 885 625 925 voluissemus
640 885 757 932 addiscere,
776 897 814 934 pro
830 885 887 925 nulla
909 886 949 926 alia

161 963 224 991 causa
246 952 285 991 nisi
309 963 347 1000 pro
362 963 388 991 eo
403 951 462 1000 quod
480 954 500 990 te
517 952 651 990 iniuriaverat
668 951 746 990 tactum
765 952 864 991 innotuit.
887 951 949 997 Quae

161 1028 194 1057 res
215 1028 255 1056 nos
272 1016 409 1056 vehementer
423 1016 504 1056 afflixit.
521 1016 577 1062 Quia
592 1017 609 1056 si
625 1017 652 1056 ita
667 1019 705 1063 est,
722 1017 750 1056 nil
768 1019 787 1056 te
805 1016 901 1057 ostendis
922 1017 949 1057 de

160 1082 288 1122 coelestibus
303 1083 405 1131 cogitare,
421 1082 459 1122 sed
473 1084 577 1122 terrenam
593 1085 614 1121 te
628 1082 706 1122 habere
722 1083 905 1122 conversationem
921 1083 948 1122 si-

161 1148 264 1196 guiricus,
281 1148 331 1187 dum
343 1159 382 1196 pro
393 1148 484 1187 vindicta
495 1148 594 1196 propriae
605 1148 700 1195 iniuriae,
716 1147 775 1197 quod
790 1148 855 1187 sacris
869 1148 949 1197 regulis

161 1212 293 1262 prohibetur,
305 1213 477 1253 maledictionem
489 1213 627 1253 anathematis
643 1213 745 1253 invexisti.
763 1214 825 1264 Unde
841 1213 867 1252 de
878 1215 948 1253 cetero

161 1279 249 1319 omnino
265 1282 310 1318 esto
326 1279 484 1327 circunspectus
499 1280 562 1328 atque
572 1278 684 1325 sollicitus,
700 1281 720 1318 et
735 1279 783 1318 talia
798 1280 897 1327 cuiquam
909 1291 948 1327 pro

161 1344 285 1384 defensione
300 1344 388 1384 iniuriae
403 1346 451 1384 tuae
467 1343 543 1384 inferre
558 1344 629 1383 denuo
645 1355 688 1383 non
704 1356 834 1393 praesumas.
857 1345 912 1384 Nam
931 1345 947 1384 si

160 1410 201 1450 tale
217 1409 296 1458 aliquid
312 1410 388 1458 egeris,
405 1410 425 1449 in
441 1412 461 1449 te
476 1410 530 1449 scias
545 1412 619 1458 postea
634 1409 794 1449 vindicandum.

215 1476 240 1515 Et
254 1463 326 1515 oblata
340 1475 390 1514 mihi
407 1476 481 1523 petitio
492 1475 637 1515 laudunensis
648 1475 748 1515 ecclesiae
764 1475 818 1515 hanc
832 1476 947 1515 inauditam

160 1543 220 1580 antea
236 1541 479 1580 excommunicationem
495 1552 557 1580 causa
574 1541 662 1580 iniuriae
679 1543 727 1580 tuae
749 1552 760 1580 a
777 1543 805 1587 te,
824 1542 947 1590 priusquam

161 1608 205 1655 ipsa
218 1607 293 1646 iniuria
303 1606 340 1646 tibi
353 1607 489 1655 irrogaretur,
499 1607 648 1655 depromptam
659 1605 724 1646 tuisse
735 1606 874 1646 demonstrat.
886 1606 947 1652 Quae

160 1673 222 1712 etiam
239 1672 350 1721 praeterita
366 1672 461 1720 proxima
473 1672 586 1712 Dominica
601 1672 635 1711 die
652 1672 686 1711 IV.
702 1671 800 1711 videlicet
816 1672 861 1714 Kal.
879 1672 948 1712 lunias

160 1738 276 1787 praesentis
293 1737 399 1777 secundae
417 1737 546 1784 indictionis,
565 1737 678 1777 Missarum
697 1737 839 1777 celebratione
857 1740 947 1785 praeter-

160 1804 223 1843 missa
239 1804 259 1843 in
278 1803 411 1843 laudunensi
431 1803 538 1851 parochia,
555 1802 608 1851 proh
628 1803 702 1842 dolor!
726 1803 803 1842 exstitit
823 1805 946 1843 exsecuta...

214 1868 277 1909 Unde
292 1880 331 1917 pro
346 1869 387 1908 tuis
402 1868 483 1908 iniuriis
498 1880 541 1907 non
557 1868 661 1907 debueras
677 1867 811 1917 presbyteros
825 1880 947 1908 excommu-

159 1935 229 1975 nicare
244 1933 270 1974 ab
286 1933 359 1974 officio
374 1933 494 1973 celebrandi
510 1936 606 1973 sanctum
622 1933 790 1980 sacrilicium3...

213 1999 340 2040 Continetur
355 2000 417 2039 etiam
440 2000 460 2038 in
483 1998 575 2048 praelata
591 1999 692 2047 petitione
714 1998 740 2038 ab
762 1999 850 2039 ecclesia
866 1999 947 2038 laudu-

159 2066 218 2105 nensi
230 2065 337 2114 exiguitati
353 2076 413 2105 meae
424 2064 502 2111 oblata,
518 2067 538 2104 te
554 2063 688 2113 prohibuisse
699 2064 750 2104 nulli
762 2065 945 2112 communionem,

159 2143 197 2171 nec
213 2131 275 2171 etiam
291 2130 377 2171 obeunti
394 2130 489 2170 ultimam
513 2130 672 2178 poenitentiam,
692 2130 724 2169 vel
747 2130 846 2170 viaticum
870 2142 947 2170 munus

159 2197 179 2236 in
202 2196 302 2246 parochia
324 2198 359 2236 tua
381 2195 452 2242 tribui,
475 2195 557 2235 nullum
580 2196 681 2236 infantem
704 2196 724 2235 in
747 2196 820 2235 eadem
847 2196 947 2244 parochia

158 2262 268 2311 baptizari,
298 2262 379 2301 nullum
409 2264 516 2301 mortuum
544 2261 636 2310 sepeliri,
666 2262 682 2300 si
710 2260 747 2300 tibi
775 2261 858 2301 licentia
882 2261 946 2300 eundi

159 2328 248 2370 Romam
265 2327 420 2377 prohiberetur,
436 2330 472 2367 aut
486 2330 560 2375 captus
577 2327 689 2373 tenereris;
712 2338 779 2375 usque
798 2327 848 2366 dum
864 2329 886 2366 tu
902 2327 946 2375 ipse

158 2394 205 2433 viva
220 2405 273 2433 voce
288 2405 336 2433 curn
352 2393 382 2433 eis
397 2393 521 2441 loquereris,
538 2395 573 2432 aut
588 2393 668 2432 litterae
683 2395 731 2432 tuae
754 2404 764 2431 a
786 2392 837 2432 sede
854 2391 946 2441 Aposto-

158 2459 197 2499 lica
213 2459 314 2499 ecclesiae
330 2458 463 2499 laudunensi
482 2459 640 2498 mitterentur...

213 2525 284 2574 Igitur,
301 2526 403 2574 quantum
420 2536 444 2564 ex
460 2527 479 2564 te
495 2526 533 2571 est,
550 2523 602 2563 haec
617 2522 730 2563 crudelitas
745 2526 780 2563 tua
797 2535 884 2563 omnem
900 2535 946 2563 cru-

158 2589 265 2630 delitatem
281 2591 378 2630 omnium
394 2601 535 2639 paganorum,
560 2592 580 2629 et
604 2601 679 2629 omnes
702 2590 860 2638 persecutiones
876 2590 944 2628 omni-

158 2668 193 2696 um
222 2658 389 2705 persecutorum,
406 2667 460 2704 quae
484 2654 610 2695 Christianis
631 2655 712 2706 inlatae
725 2654 817 2700 fuerunt.
834 2655 945 2702 excedunt,
