1924 3132
283 161 376 190 ocenfirn
390 161 440 189 noti.
454 159 581 187 PONTiFiCUiti
802 153 824 186 25

37 279 85 326 Qua
96 281 116 319 in
128 291 149 319 re
160 281 202 319 si...
215 279 302 319 obedire
318 278 419 325 renueris,
432 280 503 318 nostra
516 278 633 327 apostolica
648 278 772 317 auctoritate
787 288 825 317 eos

37 345 146 385 absolutos
166 348 186 385 et
198 344 231 384 >ab
251 344 352 384 omnibus
372 344 475 383 interdicti
496 344 528 383 vel
546 343 772 398 excommunicationis
790 345 824 382 tue

37 411 126 451 nexibus
140 410 219 451 liberos
234 422 280 450 esse
295 410 387 450 noveris.
411 452 412 455 ,

91 490 149 536 Greg.
162 490 195 528 Vll
209 490 318 536 Registrnnr
333 491 347 525 ll
367 489 390 526 69
403 501 421 536 p.
434 490 469 525 220
483 500 517 534 ss.;
531 489 622 533 1L49513
638 489 694 524 ltalia
713 488 786 533 Pontis.
799 488 824 525 Vl

37 553 53 595 2,
70 552 109 587 124.
754 567 757 570 -

412 673 466 715 123.

93 780 151 825 1075,
167 779 219 818 Dec.
236 779 256 817 6.
276 777 393 827 Gregorius
411 778 450 817 VII
467 778 594 817 monasteria
611 779 697 817 sanctae
714 779 734 816 et
751 777 825 817 indiui-

38 844 92 884 daae
109 844 220 884 Trinitatis
238 843 388 883 tlindacineasi
403 841 533 889 (renatae).

92 932 140 972 Hoc
155 933 217 973 etiam
234 933 304 972 divina
320 932 365 972 initi
381 932 467 978 fiducia,
484 932 600 981 apostolica
616 933 739 972 auctoritate
755 931 826 981 prohi-

38 998 121 1045 bemus,
131 1010 157 1037 ne
169 999 189 1037 in
198 998 349 1037 Vindocinensi
361 998 475 1044 coenobio,
485 1010 522 1037 seu
534 998 553 1036 in
565 997 671 1046 praedicta
682 997 703 1037 S.
713 996 827 1037 Salvatoris

38 1063 134 1110 ecclesia,
146 1063 196 1102 nulli
208 1075 301 1111 unquam
315 1075 418 1111 personae
433 1063 472 1102 nisi
488 1063 527 1103 soii
544 1075 610 1111 papae
626 1063 687 1102 liceat
700 1065 825 1112 potestatem

38 1129 131 1178 aliquam
144 1132 182 1169 'aut
197 1128 366 1168 dominationem
382 1140 486 1176 exercere,
499 1131 539 1168 aut>
546 1129 731 1168 excommunicare
744 1140 781 1168 seu
797 1128 827 1166 in-

38 1195 148 1241 terdicere¹
161 1195 242 1234 etiamsi
255 1194 393 1234 Carnotensis
408 1194 440 1233 vei
456 1193 617 1243 Andegavensis
628 1194 694 1242 patria
705 1205 827 1233 excommu-

39 1261 106 1300 nicata
121 1259 183 1300 fuerit
198 1262 233 1299 aut
248 1260 365 1306 interdicta,
378 1261 574 1299 excommunicatos
587 1263 658 1299 tamen
669 1258 767 1299 monachi
784 1270 826 1298 non

39 1325 162 1374 suscipiant.

94 1405 124 1440 PL
138 1407 177 1449 148,
190 1406 234 1448 72&
249 1406 271 1441 Ii.
284 1406 336 1442 4967.
351 1406 493 1441 Documentum
507 1405 597 1441 dubium!

414 1558 468 1600 129.

95 1663 153 1710 1071),
169 1662 230 1702 Febr.
247 1663 318 1702 14-20.
339 1662 456 1711 Gregorius
474 1662 512 1702 VII
528 1663 550 1703 in
568 1662 646 1712 spriada
664 1663 759 1708 Romana
777 1675 828 1713 aira-

40 1727 186 1777 dragesimali.

93 1817 236 1857 Viennensem
257 1818 382 1866 episcopum
402 1818 556 1857 Herimannum
576 1819 631 1866 juste
649 1818 770 1867 depositum
790 1830 828 1867 pro

39 1882 138 1930 simonia,
151 1881 255 1931 perjuriis,
267 1883 382 1931 sacrilegiis
393 1886 413 1922 et
424 1884 537 1932 apostasia,
549 1884 598 1932 quia
609 1883 751 1924 Viennensem
763 1883 828 1923 eccie-

40 1948 92 1987 siam
113 1947 211 1988 infestare
231 1960 274 1988 non
293 1948 381 1995 desistit,
398 1950 616 1989 excommunicamus.
633 1949 658 1988 Et
676 1948 770 1988 ecclesiis
788 1948 828 1991 Ro-

40 2014 135 2053 manensi
155 2011 264 2061 (Romans,
283 2013 312 2053 St.
329 2013 431 2060 Barnard)
450 2017 470 2054 et
488 2015 553 2054 sancti
572 2014 664 2054 tierenei
683 2014 827 2062 Lugdunensi

40 2090 153 2127 quousque
168 2090 203 2118 eas
218 2080 361 2127 occupaverit,
378 2079 472 2119 divinum
489 2080 634 2128 interdicimus
650 2080 753 2120 officium.

94 2158 152 2205 Greg.
166 2159 199 2197 Vll
213 2160 322 2206 Registranz
337 2161 360 2196 lii
375 2162 414 2197 iOa
428 2172 445 2207 p.
459 2161 494 2197 268
507 2172 531 2197 ss.

418 2314 472 2355 130.

97 2418 154 2464 1077,
171 2417 232 2456 Febr.
248 2419 278 2456 11.
296 2417 413 2466 Gregorius
432 2418 470 2457 Vll
485 2418 598 2458 Benedicta
617 2418 690 2458 abbati
707 2419 831 2458 morzasterii

40 2482 66 2522 B.
82 2482 168 2523 Mariae
185 2484 206 2522 et
222 2482 244 2523 S.
262 2481 350 2523 Claudii
366 2483 538 2523 fraxinoriensis
556 2480 701 2533 (Frassinara
716 2481 828 2531 Madarra).

96 2571 127 2611 De
142 2574 213 2612 cetero
227 2572 306 2612 nullam
317 2572 356 2612 sibi
369 2570 422 2618 (scil.
434 2570 546 2622 episcopo)
557 2574 649 2622 amplius
664 2574 684 2613 in
700 2574 830 2614 monasterio

42 2640 167 2686 potestatem
188 2639 329 2678 concedentes
349 2638 393 2678 sive
411 2638 509 2679 abbatem
530 2639 556 2679 ad
576 2639 676 2679 sinodum
697 2639 829 2679 convocandi

41 2715 79 2743 seu
97 2704 249 2743 monasterium
269 2703 302 2743 vei
322 2703 463 2744 inhabitantes
483 2704 557 2745 tratres
576 2705 775 2745 excommunicandi
796 2707 831 2745 aut
