1975 3157
148 165 171 200 20
393 172 487 202 DECRETA
501 172 551 202 uon.
565 172 693 201 romuleum

149 290 296 338 interdicendi,
312 302 385 330 verum
404 291 420 330 si
440 290 491 339 quid
510 291 621 340 indignum
640 294 660 331 et
678 290 844 340 reprehensibile
862 291 888 330 de
906 291 936 331 eis

149 359 204 396 certe
219 357 352 406 cognoverit,
368 355 461 405 benigne
476 368 513 396 eos
528 356 554 396 de
569 368 607 396 sua
624 357 773 396 emendatione
791 358 935 396 commoneat.

202 438 254 473 Paul
269 437 326 481 Kotor,
344 437 441 482 Papsturk.
459 437 478 473 in
496 437 569 484 Reggio
587 437 711 481 neH'Emilia;
732 437 859 473 Naehrichten
877 437 895 472 d.
912 437 936 474 Ο.

150 497 261 543 Gottingem
276 497 321 542 phil.
337 497 379 533 nist.
393 497 421 534 Kl.
434 495 497 542 (1807]
510 497 551 533 226.
565 519 586 523 -
601 498 621 533 In
636 497 754 533 documento
769 496 856 542 originali
871 498 937 542 qrrarta

149 567 192 601 pars
207 557 265 601 deest,
279 557 297 592 in
313 567 351 601 qua
366 567 437 592 nomen
453 567 532 602 quoque
550 557 657 592 monasterii
673 556 763 601 scriptum
779 558 822 592 erat.
839 556 936 592 formidas

150 616 200 654 Kehr
213 616 308 662 suppievit
317 626 340 651 ex
350 616 467 652 documento
477 616 585 652 monasterii
599 616 617 653 S.
627 616 699 652 Mariae
712 616 736 652 de
746 615 819 652 Buttrio
832 605 863 660 (IL
876 614 936 660 5268).

150 676 216 721 Meyer
224 686 262 711 von
272 676 354 713 Knonau
363 677 428 711 censet
436 676 574 712 documentum
585 675 665 711 fortasse
674 676 698 711 ad
708 676 807 711 eeclesiam
820 675 937 712 Canusinam

150 737 168 771 et
183 735 319 771 monasterium
334 735 352 771 S.
367 735 465 781 Apollonii
481 736 580 781 pertinere.
596 735 652 771 Plura
667 735 710 770 vide
726 734 776 773 Kehr
791 734 801 769 l.
815 745 831 770 c.
844 756 867 760 —
881 734 937 770 Nunc

151 794 201 832 Kehr
215 796 266 830 certo
281 794 362 830 affirmat
379 794 499 840 privilegium
517 795 581 830 datum
599 805 641 830 esse
658 794 774 830 monasterio
792 793 937 838 Fraxinoriensi,

150 853 173 890 ct.
186 854 243 890 Italia
256 853 329 898 Pontifl
342 855 359 891 V
371 855 412 890 324.
426 855 449 890 IL
462 874 472 880 -

524 1012 579 1053 131.

206 1123 264 1169 1078,
276 1122 343 1161 Mart.
355 1122 388 1161 10.
401 1121 518 1170 Gregorius
531 1121 570 1161 VII
583 1121 716 1170 Caristoforo
730 1121 803 1161 abbati
815 1121 939 1162 monasterii

152 1187 179 1227 Ο.
191 1187 213 1228 S.
224 1188 250 1227 B.
266 1187 289 1227 S.
305 1186 364 1226 Petri
378 1188 400 1226 in
417 1186 527 1227 Cremona.

205 1277 236 1316 De
252 1278 330 1323 cetero,
342 1276 421 1316 nuliam
433 1276 525 1325 amplius
539 1277 685 1325 episcopusin
697 1277 793 1325 predicto
808 1278 938 1317 monasterio

152 1344 277 1391 potestatem
296 1341 372 1382 habeat
390 1353 459 1391 neque
478 1341 676 1382 excommunicandi
695 1344 731 1382 aut
749 1342 887 1383 interdicendi
904 1345 938 1382 aut

151 1408 178 1447 ad
193 1408 293 1447 sinodum
309 1408 407 1447 vocandi.

205 1487 389 1534 Pflngk-Harttaag
401 1488 425 1524 111
440 1489 461 1524 15
474 1499 501 1523 nr.
516 1489 543 1532 15,
556 1488 588 1534 qui
604 1499 648 1524 eum
663 1489 726 1535 aliqua
741 1489 865 1525 haesitatione
881 1489 939 1524 doen·

152 1549 237 1584 mentum
252 1549 350 1593 tamquam
365 1548 471 1599 genuinum
492 1548 608 1592 considerat3
624 1548 646 1584 IL
662 1548 724 1594 suppl.
739 1559 777 1594 reg.
793 1548 867 1593 5ooea3
883 1548 939 1586 Italia

151 1607 224 1651 Pontis¹
237 1608 262 1643 Vl
277 1609 292 1651 1,
306 1608 346 1643 287.

526 1765 581 1807 132.

208 1877 266 1924 1078,
278 1876 332 1916 Nou.
344 1877 377 1916 19,
391 1875 508 1925 Gregorius
524 1876 563 1916 VII
571 1876 593 1916 ia
608 1876 687 1925 synodo
702 1876 797 1921 Romano
811 1876 938 1916 antumnali.

206 1965 231 2005 V.
248 1954 328 2005 Comes
343 1964 408 2005 sancti
420 1964 489 2014 Egidii
501 1962 539 2010 (St.
551 1962 627 2011 Gillest
642 1966 839 2005 excommunicetur
854 1969 940 2015 propter

153 2042 249 2070 uxorem.

207 2095 242 2136 VI.
259 2096 284 2135 Et
299 2095 355 2136 idem
372 2097 532 2144 monasterium,
549 2097 565 2136 si
581 2096 679 2137 fueritin
695 2098 798 2146 potestate
813 2097 905 2137 comitis.

207 2176 265 2222 Greg.
277 2177 311 2213 Vll
325 2176 434 2223 Registrnm
448 2177 517 2214 V15h
531 2188 549 2222 p.
562 2178 603 2213 401.
618 2177 664 2213 IL-
721 2195 724 2201 ·

527 2342 582 2383 133.

210 2452 267 2491 1078.
285 2450 366 2491 Cnarta
377 2451 437 2491 Petri
450 2450 581 2492 Albanensis
591 2451 690 2501 episcopi,
701 2451 776 2501 Legati
786 2452 807 2491 et
817 2451 941 2492 Cardinalis

153 2516 252 2566 Romani,
268 2517 294 2556 de
308 2517 441 2556 immunitate
456 2516 599 2556 cluniacensi.
615 2517 699 2556 Narrat
712 2516 815 2565 anamodo
831 2516 941 2556 Gebuinas

154 2582 264 2632 episcopus
273 2581 422 2632 Lugdunensis
433 2583 454 2622 et
462 2581 579 2622 Lanaricus
594 2594 626 2631 ep.
637 2582 776 2622 Matiscensis
791 2579 886 2638 (Maean)
898 2582 941 2631 ori·

155 2648 231 2696 vilegin
243 2647 394 2687 Claniaceasia
404 2648 484 2697 mjasre
494 2647 623 2687 violaverint.
639 2648 704 2697 Hago
714 2647 782 2687 abbas
794 2647 941 2687 Claniacensis

154 2713 278 2753 monasterii
286 2715 397 2763 propterea
406 2713 519 2762 Hagonem
529 2713 623 2753 Priorem
633 2713 721 2759 Romam
729 2713 758 2753 ad
766 2713 891 2763 Gregoriam
906 2713 944 2753 Vll
