<?xml version="1.0" encoding="UTF-8"?>
<!DOCTYPE html PUBLIC "-//W3C//DTD XHTML 1.0 Transitional//EN"
    "http://www.w3.org/TR/xhtml1/DTD/xhtml1-transitional.dtd">
<html xmlns="http://www.w3.org/1999/xhtml" xml:lang="en" lang="en">
 <head>
  <title>
</title>
<meta http-equiv="Content-Type" content="text/html;charset=utf-8" />
  <meta name='ocr-system' content='tesseract 3.04.00' />
  <meta name='ocr-capabilities' content='ocr_page ocr_carea ocr_par ocr_line ocrx_word'/>
</head>
<body>
  <div class='ocr_page' id='page_1' title='image "MN42046ucmf_0_0122.png"; bbox 0 0 1975 3157; ppageno 0'>
   <div class='ocr_carea' id='block_1_1' title="bbox 148 157 692 193">
    <p class='ocr_par' dir='ltr' id='par_1_1' title="bbox 148 157 692 193">
     <span class='ocr_line' id='line_1_1' title="bbox 148 157 692 193; baseline -0.002 -2"><span class='ocrx_word' id='word_1_1' title='bbox 148 157 159 191; x_wconf 78' lang='lat' dir='ltr'>S</span> <span class='ocrx_word' id='word_1_2' title='bbox 393 163 487 193; x_wconf 74' lang='lat' dir='ltr'>DECRETA</span> <span class='ocrx_word' id='word_1_3' title='bbox 501 163 551 192; x_wconf 74' lang='lat' dir='ltr'>non.</span> <span class='ocrx_word' id='word_1_4' title='bbox 565 162 692 191; x_wconf 81' lang='lat' dir='ltr'>PONTlFlCUllll</span> 
     </span>
    </p>
   </div>
   <div class='ocr_carea' id='block_1_2' title="bbox 147 278 937 1515">
    <p class='ocr_par' dir='ltr' id='par_1_2' title="bbox 147 278 934 503">
     <span class='ocr_line' id='line_1_2' title="bbox 148 278 934 326; baseline 0.001 -11"><span class='ocrx_word' id='word_1_5' title='bbox 148 279 164 315; x_wconf 92' lang='lat' dir='ltr'>ei</span> <span class='ocrx_word' id='word_1_6' title='bbox 174 290 212 316; x_wconf 91' lang='lat' dir='ltr'>non</span> <span class='ocrx_word' id='word_1_7' title='bbox 223 290 313 326; x_wconf 80' lang='lat' dir='ltr'>prospere</span> <span class='ocrx_word' id='word_1_8' title='bbox 322 280 383 316; x_wconf 90' lang='lat' dir='ltr'>cessit.</span> <span class='ocrx_word' id='word_1_9' title='bbox 397 279 496 326; x_wconf 84' lang='lat' dir='ltr'>Siquidem</span> <span class='ocrx_word' id='word_1_10' title='bbox 509 279 572 315; x_wconf 90' lang='lat' dir='ltr'>villam</span> <span class='ocrx_word' id='word_1_11' title='bbox 586 280 683 325; x_wconf 89' lang='lat' dir='ltr'>ingressus</span> <span class='ocrx_word' id='word_1_12' title='bbox 696 290 739 315; x_wconf 91' lang='lat' dir='ltr'>cum</span> <span class='ocrx_word' id='word_1_13' title='bbox 749 278 838 315; x_wconf 85' lang='lat' dir='ltr'>secularis</span> <span class='ocrx_word' id='word_1_14' title='bbox 851 280 934 325; x_wconf 87' lang='lat' dir='ltr'>potentie</span> 
     </span>
     <span class='ocr_line' id='line_1_3' title="bbox 148 339 934 385; baseline -0.001 -10"><span class='ocrx_word' id='word_1_15' title='bbox 148 341 245 385; x_wconf 84' lang='lat' dir='ltr'>apparatu,</span> <span class='ocrx_word' id='word_1_16' title='bbox 258 339 382 385; x_wconf 79' lang='lat' dir='ltr'>burgensium</span> <span class='ocrx_word' id='word_1_17' title='bbox 392 340 464 375; x_wconf 85' lang='lat' dir='ltr'>clamor</span> <span class='ocrx_word' id='word_1_18' title='bbox 473 340 561 382; x_wconf 82' lang='lat' dir='ltr'>exoritur,</span> <span class='ocrx_word' id='word_1_19' title='bbox 571 339 663 375; x_wconf 91' lang='lat' dir='ltr'>mondine</span> <span class='ocrx_word' id='word_1_20' title='bbox 672 339 776 383; x_wconf 75' lang='lat' dir='ltr'>turbantur,</span> <span class='ocrx_word' id='word_1_21' title='bbox 790 340 866 375; x_wconf 84' lang='lat' dir='ltr'>sanctus</span> <span class='ocrx_word' id='word_1_22' title='bbox 875 339 934 375; x_wconf 91' lang='lat' dir='ltr'>unde-</span> 
     </span>
     <span class='ocr_line' id='line_1_4' title="bbox 148 398 934 444; baseline 0 -10"><span class='ocrx_word' id='word_1_23' title='bbox 148 409 224 444; x_wconf 84' lang='lat' dir='ltr'>quaque</span> <span class='ocrx_word' id='word_1_24' title='bbox 233 398 331 434; x_wconf 89' lang='lat' dir='ltr'>invocatur</span> <span class='ocrx_word' id='word_1_25' title='bbox 344 398 467 442; x_wconf 87' lang='lat' dir='ltr'>Benedictus;</span> <span class='ocrx_word' id='word_1_26' title='bbox 481 399 583 444; x_wconf 88' lang='lat' dir='ltr'>episcopus</span> <span class='ocrx_word' id='word_1_27' title='bbox 597 399 615 434; x_wconf 97' lang='lat' dir='ltr'>in</span> <span class='ocrx_word' id='word_1_28' title='bbox 628 398 694 444; x_wconf 85' lang='lat' dir='ltr'>fugam</span> <span class='ocrx_word' id='word_1_29' title='bbox 703 398 784 443; x_wconf 84' lang='lat' dir='ltr'>vertitur,</span> <span class='ocrx_word' id='word_1_30' title='bbox 794 398 847 434; x_wconf 93' lang='lat' dir='ltr'>multi</span> <span class='ocrx_word' id='word_1_31' title='bbox 856 398 934 435; x_wconf 91' lang='lat' dir='ltr'>fustium</span> 
     </span>
     <span class='ocr_line' id='line_1_5' title="bbox 147 457 576 503; baseline 0 -10"><span class='ocrx_word' id='word_1_32' title='bbox 147 458 216 494; x_wconf 89' lang='lat' dir='ltr'>ictibus</span> <span class='ocrx_word' id='word_1_33' title='bbox 229 458 253 493; x_wconf 88' lang='lat' dir='ltr'>ad</span> <span class='ocrx_word' id='word_1_34' title='bbox 267 468 333 493; x_wconf 91' lang='lat' dir='ltr'>necem</span> <span class='ocrx_word' id='word_1_35' title='bbox 347 468 396 503; x_wconf 93' lang='lat' dir='ltr'>pene</span> <span class='ocrx_word' id='word_1_36' title='bbox 410 468 471 503; x_wconf 90' lang='lat' dir='ltr'>usque</span> <span class='ocrx_word' id='word_1_37' title='bbox 485 457 576 493; x_wconf 87' lang='lat' dir='ltr'>delentur.</span> 
     </span>
    </p>

    <p class='ocr_par' dir='ltr' id='par_1_3' title="bbox 147 516 936 1338">
     <span class='ocr_line' id='line_1_6' title="bbox 197 516 934 564; baseline 0.001 -12"><span class='ocrx_word' id='word_1_38' title='bbox 197 518 224 553; x_wconf 81' lang='lat'>13.</span> <span class='ocrx_word' id='word_1_39' title='bbox 240 516 326 563; x_wconf 75' lang='lat' dir='ltr'>Huiusce</span> <span class='ocrx_word' id='word_1_40' title='bbox 341 517 394 553; x_wconf 88' lang='lat' dir='ltr'>rnodi</span> <span class='ocrx_word' id='word_1_41' title='bbox 409 517 565 561; x_wconf 85' lang='lat' dir='ltr'>controversiam,</span> <span class='ocrx_word' id='word_1_42' title='bbox 580 528 590 552; x_wconf 91' lang='lat' dir='ltr'>a</span> <span class='ocrx_word' id='word_1_43' title='bbox 605 516 717 562; x_wconf 86' lang='lat' dir='ltr'>primatibus</span> <span class='ocrx_word' id='word_1_44' title='bbox 733 517 794 554; x_wconf 83' lang='lat' dir='ltr'>Gallie</span> <span class='ocrx_word' id='word_1_45' title='bbox 811 519 934 564; x_wconf 79' lang='lat' dir='ltr'>comperiam,</span> 
     </span>
     <span class='ocr_line' id='line_1_7' title="bbox 148 575 935 622; baseline 0.001 -11"><span class='ocrx_word' id='word_1_46' title='bbox 148 576 197 622; x_wconf 83' lang='lat' dir='ltr'>regis</span> <span class='ocrx_word' id='word_1_47' title='bbox 210 576 304 622; x_wconf 82' lang='lat' dir='ltr'>presentia</span> <span class='ocrx_word' id='word_1_48' title='bbox 313 577 418 613; x_wconf 88' lang='lat' dir='ltr'>decernunt</span> <span class='ocrx_word' id='word_1_49' title='bbox 430 575 584 621; x_wconf 84' lang='lat' dir='ltr'>examinandam,</span> <span class='ocrx_word' id='word_1_50' title='bbox 593 587 632 622; x_wconf 90' lang='lat' dir='ltr'>quo</span> <span class='ocrx_word' id='word_1_51' title='bbox 642 576 681 612; x_wconf 88' lang='lat' dir='ltr'>duo</span> <span class='ocrx_word' id='word_1_52' title='bbox 691 577 775 612; x_wconf 89' lang='lat' dir='ltr'>maxima</span> <span class='ocrx_word' id='word_1_53' title='bbox 783 578 848 613; x_wconf 86' lang='lat' dir='ltr'>sancte</span> <span class='ocrx_word' id='word_1_54' title='bbox 856 576 935 613; x_wconf 81' lang='lat' dir='ltr'>ecclesie</span> 
     </span>
     <span class='ocr_line' id='line_1_8' title="bbox 148 635 935 683; baseline 0.001 -11"><span class='ocrx_word' id='word_1_55' title='bbox 148 636 246 672; x_wconf 91' lang='lat' dir='ltr'>luminaria</span> <span class='ocrx_word' id='word_1_56' title='bbox 259 636 307 672; x_wconf 92' lang='lat' dir='ltr'>inter</span> <span class='ocrx_word' id='word_1_57' title='bbox 319 647 339 672; x_wconf 95' lang='lat' dir='ltr'>se</span> <span class='ocrx_word' id='word_1_58' title='bbox 353 636 438 682; x_wconf 91' lang='lat' dir='ltr'>quodam</span> <span class='ocrx_word' id='word_1_59' title='bbox 452 635 511 672; x_wconf 90' lang='lat' dir='ltr'>modo</span> <span class='ocrx_word' id='word_1_60' title='bbox 525 635 636 672; x_wconf 77' lang='lat' dir='ltr'>dissidentia</span> <span class='ocrx_word' id='word_1_61' title='bbox 649 636 672 671; x_wconf 88' lang='lat' dir='ltr'>ad</span> <span class='ocrx_word' id='word_1_62' title='bbox 688 636 768 672; x_wconf 81' lang='lat' dir='ltr'>fraterne</span> <span class='ocrx_word' id='word_1_63' title='bbox 785 637 836 683; x_wconf 87' lang='lat' dir='ltr'>pacis</span> <span class='ocrx_word' id='word_1_64' title='bbox 854 636 935 673; x_wconf 89' lang='lat' dir='ltr'>redirent</span> 
     </span>
     <span class='ocr_line' id='line_1_9' title="bbox 148 695 935 742; baseline 0 -10"><span class='ocrx_word' id='word_1_65' title='bbox 148 696 230 732; x_wconf 80' lang='lat' dir='ltr'>foedera.</span> <span class='ocrx_word' id='word_1_66' title='bbox 248 695 284 732; x_wconf 90' lang='lat' dir='ltr'>Cui</span> <span class='ocrx_word' id='word_1_67' title='bbox 301 696 382 732; x_wconf 93' lang='lat' dir='ltr'>concilio</span> <span class='ocrx_word' id='word_1_68' title='bbox 399 696 486 732; x_wconf 90' lang='lat' dir='ltr'>intererat</span> <span class='ocrx_word' id='word_1_69' title='bbox 508 695 597 740; x_wconf 81' lang='lat' dir='ltr'>Leterius,</span> <span class='ocrx_word' id='word_1_70' title='bbox 614 695 754 732; x_wconf 88' lang='lat' dir='ltr'>Senonensium</span> <span class='ocrx_word' id='word_1_71' title='bbox 772 695 935 742; x_wconf 88' lang='lat' dir='ltr'>metropolitanus,</span> 
     </span>
     <span class='ocr_line' id='line_1_10' title="bbox 148 755 935 802; baseline 0.001 -11"><span class='ocrx_word' id='word_1_72' title='bbox 148 758 212 792; x_wconf 90' lang='lat' dir='ltr'>nostre</span> <span class='ocrx_word' id='word_1_73' title='bbox 226 755 272 802; x_wconf 90' lang='lat' dir='ltr'>parti</span> <span class='ocrx_word' id='word_1_74' title='bbox 286 756 396 800; x_wconf 88' lang='lat' dir='ltr'>contrarius,</span> <span class='ocrx_word' id='word_1_75' title='bbox 410 755 522 791; x_wconf 86' lang='lat' dir='ltr'>clericorum</span> <span class='ocrx_word' id='word_1_76' title='bbox 535 755 598 791; x_wconf 80' lang='lat' dir='ltr'>fautor</span> <span class='ocrx_word' id='word_1_77' title='bbox 610 755 628 791; x_wconf 93' lang='lat' dir='ltr'>in</span> <span class='ocrx_word' id='word_1_78' title='bbox 643 755 739 792; x_wconf 88' lang='lat' dir='ltr'>omnibus.</span> <span class='ocrx_word' id='word_1_79' title='bbox 753 755 805 798; x_wconf 88' lang='lat' dir='ltr'>Quid</span> <span class='ocrx_word' id='word_1_80' title='bbox 819 755 885 802; x_wconf 82' lang='lat' dir='ltr'>plura?</span> <span class='ocrx_word' id='word_1_81' title='bbox 900 755 935 795; x_wconf 85' lang='lat' dir='ltr'>Res</span> 
     </span>
     <span class='ocr_line' id='line_1_11' title="bbox 148 814 935 862; baseline 0 -11"><span class='ocrx_word' id='word_1_82' title='bbox 148 816 167 851; x_wconf 93' lang='lat' dir='ltr'>in</span> <span class='ocrx_word' id='word_1_83' title='bbox 186 815 271 851; x_wconf 92' lang='lat' dir='ltr'>medium</span> <span class='ocrx_word' id='word_1_84' title='bbox 290 815 357 861; x_wconf 86' lang='lat' dir='ltr'>agitur,</span> <span class='ocrx_word' id='word_1_85' title='bbox 375 815 469 862; x_wconf 79' lang='lat' dir='ltr'>judicium</span> <span class='ocrx_word' id='word_1_86' title='bbox 488 814 573 861; x_wconf 79' lang='lat' dir='ltr'>diligenti</span> <span class='ocrx_word' id='word_1_87' title='bbox 590 814 726 861; x_wconf 86' lang='lat' dir='ltr'>dijudicatione</span> <span class='ocrx_word' id='word_1_88' title='bbox 748 815 856 859; x_wconf 82' lang='lat' dir='ltr'>discutitur3</span> <span class='ocrx_word' id='word_1_89' title='bbox 877 816 935 852; x_wconf 89' lang='lat' dir='ltr'>nostri</span> 
     </span>
     <span class='ocr_line' id='line_1_12' title="bbox 148 874 935 921; baseline 0 -10"><span class='ocrx_word' id='word_1_90' title='bbox 148 875 217 911; x_wconf 91' lang='lat' dir='ltr'>nullius</span> <span class='ocrx_word' id='word_1_91' title='bbox 238 876 294 920; x_wconf 91' lang='lat' dir='ltr'>culpe</span> <span class='ocrx_word' id='word_1_92' title='bbox 315 886 366 911; x_wconf 91' lang='lat' dir='ltr'>noxa</span> <span class='ocrx_word' id='word_1_93' title='bbox 386 876 480 920; x_wconf 84' lang='lat' dir='ltr'>tenentur,</span> <span class='ocrx_word' id='word_1_94' title='bbox 501 874 588 920; x_wconf 87' lang='lat' dir='ltr'>proditur</span> <span class='ocrx_word' id='word_1_95' title='bbox 608 875 665 911; x_wconf 83' lang='lat' dir='ltr'>etiarn</span> <span class='ocrx_word' id='word_1_96' title='bbox 687 875 768 914; x_wconf 84' lang='lat' dir='ltr'>Romani</span> <span class='ocrx_word' id='word_1_97' title='bbox 790 875 886 921; x_wconf 89' lang='lat' dir='ltr'>pontificis</span> <span class='ocrx_word' id='word_1_98' title='bbox 903 875 935 911; x_wconf 93' lang='lat' dir='ltr'>de·</span> 
     </span>
     <span class='ocr_line' id='line_1_13' title="bbox 148 934 935 981; baseline 0 -11"><span class='ocrx_word' id='word_1_99' title='bbox 148 937 225 980; x_wconf 90' lang='lat' dir='ltr'>cretum,</span> <span class='ocrx_word' id='word_1_100' title='bbox 239 945 278 981; x_wconf 93' lang='lat' dir='ltr'>quo</span> <span class='ocrx_word' id='word_1_101' title='bbox 292 935 399 971; x_wconf 87' lang='lat' dir='ltr'>continetur</span> <span class='ocrx_word' id='word_1_102' title='bbox 411 935 508 979; x_wconf 89' lang='lat' dir='ltr'>insertum,</span> <span class='ocrx_word' id='word_1_103' title='bbox 522 934 637 979; x_wconf 90' lang='lat' dir='ltr'>nequando</span> <span class='ocrx_word' id='word_1_104' title='bbox 651 934 728 970; x_wconf 89' lang='lat' dir='ltr'>antistes</span> <span class='ocrx_word' id='word_1_105' title='bbox 737 934 902 971; x_wconf 80' lang='lat' dir='ltr'>Aurelianensium</span> <span class='ocrx_word' id='word_1_106' title='bbox 911 935 935 970; x_wconf 83' lang='lat' dir='ltr'>acl</span> 
     </span>
     <span class='ocr_line' id='line_1_14' title="bbox 149 993 935 1043; baseline 0 -13"><span class='ocrx_word' id='word_1_107' title='bbox 149 994 268 1043; x_wconf 77' lang='lat' dir='ltr'>floriacense</span> <span class='ocrx_word' id='word_1_108' title='bbox 277 996 374 1040; x_wconf 88' lang='lat' dir='ltr'>presumat</span> <span class='ocrx_word' id='word_1_109' title='bbox 382 994 446 1030; x_wconf 89' lang='lat' dir='ltr'>venire</span> <span class='ocrx_word' id='word_1_110' title='bbox 456 994 598 1039; x_wconf 71' lang='lat' dir='ltr'>monasterium,</span> <span class='ocrx_word' id='word_1_111' title='bbox 612 994 646 1030; x_wconf 91' lang='lat' dir='ltr'>nisi</span> <span class='ocrx_word' id='word_1_112' title='bbox 660 996 727 1040; x_wconf 89' lang='lat' dir='ltr'>rogatu</span> <span class='ocrx_word' id='word_1_113' title='bbox 739 994 812 1031; x_wconf 87' lang='lat' dir='ltr'>abbatis</span> <span class='ocrx_word' id='word_1_114' title='bbox 822 995 840 1030; x_wconf 90' lang='lat' dir='ltr'>et</span> <span class='ocrx_word' id='word_1_115' title='bbox 849 993 935 1031; x_wconf 90' lang='lat' dir='ltr'>omniurn</span> 
     </span>
     <span class='ocr_line' id='line_1_15' title="bbox 148 1053 935 1100; baseline -0.001 -10"><span class='ocrx_word' id='word_1_116' title='bbox 148 1053 234 1099; x_wconf 87' lang='lat' dir='ltr'>ejusdem</span> <span class='ocrx_word' id='word_1_117' title='bbox 249 1054 286 1090; x_wconf 91' lang='lat' dir='ltr'>loci</span> <span class='ocrx_word' id='word_1_118' title='bbox 301 1054 455 1100; x_wconf 83' lang='lat' dir='ltr'>expostulatione</span> <span class='ocrx_word' id='word_1_119' title='bbox 471 1054 619 1097; x_wconf 87' lang='lat' dir='ltr'>monachorum;</span> <span class='ocrx_word' id='word_1_120' title='bbox 635 1055 653 1090; x_wconf 97' lang='lat' dir='ltr'>in</span> <span class='ocrx_word' id='word_1_121' title='bbox 669 1054 756 1090; x_wconf 91' lang='lat' dir='ltr'>omnium</span> <span class='ocrx_word' id='word_1_122' title='bbox 771 1054 849 1090; x_wconf 90' lang='lat' dir='ltr'>auribus</span> <span class='ocrx_word' id='word_1_123' title='bbox 863 1054 935 1100; x_wconf 88' lang='lat' dir='ltr'>legitur,</span> 
     </span>
     <span class='ocr_line' id='line_1_16' title="bbox 148 1112 936 1159; baseline 0 -11"><span class='ocrx_word' id='word_1_124' title='bbox 148 1124 212 1149; x_wconf 89' lang='lat' dir='ltr'>coram</span> <span class='ocrx_word' id='word_1_125' title='bbox 221 1113 325 1150; x_wconf 87' lang='lat' dir='ltr'>astantibus</span> <span class='ocrx_word' id='word_1_126' title='bbox 334 1113 422 1149; x_wconf 88' lang='lat' dir='ltr'>distincte</span> <span class='ocrx_word' id='word_1_127' title='bbox 431 1113 522 1149; x_wconf 86' lang='lat' dir='ltr'>recitatur.</span> <span class='ocrx_word' id='word_1_128' title='bbox 536 1113 638 1158; x_wconf 83' lang='lat' dir='ltr'>Extemplo</span> <span class='ocrx_word' id='word_1_129' title='bbox 648 1124 691 1159; x_wconf 90' lang='lat' dir='ltr'>pars</span> <span class='ocrx_word' id='word_1_130' title='bbox 700 1113 852 1149; x_wconf 83' lang='lat' dir='ltr'>adversariorum</span> <span class='ocrx_word' id='word_1_131' title='bbox 861 1112 880 1148; x_wconf 92' lang='lat' dir='ltr'>in</span> <span class='ocrx_word' id='word_1_132' title='bbox 889 1113 936 1149; x_wconf 84' lang='lat' dir='ltr'>fram</span> 
     </span>
     <span class='ocr_line' id='line_1_17' title="bbox 147 1172 936 1219; baseline 0 -11"><span class='ocrx_word' id='word_1_133' title='bbox 147 1173 260 1217; x_wconf 82' lang='lat' dir='ltr'>sustollitur3</span> <span class='ocrx_word' id='word_1_134' title='bbox 281 1173 360 1212; x_wconf 85' lang='lat' dir='ltr'>Romani</span> <span class='ocrx_word' id='word_1_135' title='bbox 382 1174 462 1219; x_wconf 90' lang='lat' dir='ltr'>presulis</span> <span class='ocrx_word' id='word_1_136' title='bbox 482 1173 573 1219; x_wconf 86' lang='lat' dir='ltr'>scriptum</span> <span class='ocrx_word' id='word_1_137' title='bbox 593 1173 702 1218; x_wconf 90' lang='lat' dir='ltr'>spernendo</span> <span class='ocrx_word' id='word_1_138' title='bbox 721 1173 807 1217; x_wconf 87' lang='lat' dir='ltr'>violatur,</span> <span class='ocrx_word' id='word_1_139' title='bbox 826 1172 936 1216; x_wconf 81' lang='lat' dir='ltr'>infirmatur,</span> 
     </span>
     <span class='ocr_line' id='line_1_18' title="bbox 148 1232 936 1278; baseline -0.001 -10"><span class='ocrx_word' id='word_1_140' title='bbox 148 1233 264 1278; x_wconf 79' lang='lat' dir='ltr'>ignibusque</span> <span class='ocrx_word' id='word_1_141' title='bbox 277 1233 350 1268; x_wconf 83' lang='lat' dir='ltr'>tradere</span> <span class='ocrx_word' id='word_1_142' title='bbox 364 1233 459 1268; x_wconf 91' lang='lat' dir='ltr'>minantur</span> <span class='ocrx_word' id='word_1_143' title='bbox 472 1233 487 1268; x_wconf 94' lang='lat' dir='ltr'>si</span> <span class='ocrx_word' id='word_1_144' title='bbox 501 1233 579 1278; x_wconf 89' lang='lat' dir='ltr'>quando</span> <span class='ocrx_word' id='word_1_145' title='bbox 592 1232 639 1268; x_wconf 92' lang='lat' dir='ltr'>illud</span> <span class='ocrx_word' id='word_1_146' title='bbox 651 1233 730 1278; x_wconf 86' lang='lat' dir='ltr'>possent</span> <span class='ocrx_word' id='word_1_147' title='bbox 739 1233 833 1277; x_wconf 87' lang='lat' dir='ltr'>corripere</span> <span class='ocrx_word' id='word_1_148' title='bbox 842 1232 936 1276; x_wconf 87' lang='lat' dir='ltr'>manibus,</span> 
     </span>
     <span class='ocr_line' id='line_1_19' title="bbox 148 1281 634 1338; baseline 0.002 -12"><span class='ocrx_word' id='word_1_149' title='bbox 148 1291 219 1337; x_wconf 90' lang='lat' dir='ltr'>talique</span> <span class='ocrx_word' id='word_1_150' title='bbox 232 1291 292 1328; x_wconf 91' lang='lat' dir='ltr'>modo</span> <span class='ocrx_word' id='word_1_151' title='bbox 306 1291 329 1327; x_wconf 92' lang='lat' dir='ltr'>ab</span> <span class='ocrx_word' id='word_1_152' title='bbox 343 1291 424 1327; x_wconf 91' lang='lat' dir='ltr'>invicem</span> <span class='ocrx_word' id='word_1_153' title='bbox 438 1281 546 1327; x_wconf 88' lang='lat' dir='ltr'>disceditur.</span> <span class='ocrx_word' id='word_1_154' title='bbox 632 1335 634 1338; x_wconf 88' lang='lat'>.</span> 
     </span>
    </p>

    <p class='ocr_par' dir='ltr' id='par_1_4' title="bbox 148 1350 937 1515">
     <span class='ocr_line' id='line_1_20' title="bbox 196 1350 936 1396; baseline 0.001 -11"><span class='ocrx_word' id='word_1_155' title='bbox 196 1352 223 1386; x_wconf 79' lang='lat' dir='ltr'>ll.</span> <span class='ocrx_word' id='word_1_156' title='bbox 244 1351 318 1389; x_wconf 84' lang='lat' dir='ltr'>Rescito</span> <span class='ocrx_word' id='word_1_157' title='bbox 337 1351 380 1396; x_wconf 67' lang='lat' dir='ltr'>hocy</span> <span class='ocrx_word' id='word_1_158' title='bbox 400 1361 450 1396; x_wconf 88' lang='lat' dir='ltr'>papa</span> <span class='ocrx_word' id='word_1_159' title='bbox 469 1350 570 1393; x_wconf 85' lang='lat' dir='ltr'>lohannes,</span> <span class='ocrx_word' id='word_1_160' title='bbox 590 1351 648 1387; x_wconf 90' lang='lat' dir='ltr'>relatu</span> <span class='ocrx_word' id='word_1_161' title='bbox 669 1351 718 1387; x_wconf 87' lang='lat' dir='ltr'>Petri</span> <span class='ocrx_word' id='word_1_162' title='bbox 738 1351 794 1387; x_wconf 89' lang='lat' dir='ltr'>unius</span> <span class='ocrx_word' id='word_1_163' title='bbox 813 1350 936 1389; x_wconf 89' lang='lat' dir='ltr'>cardinalium</span> 
     </span>
     <span class='ocr_line' id='line_1_21' title="bbox 148 1410 937 1455; baseline 0.001 -10"><span class='ocrx_word' id='word_1_164' title='bbox 148 1410 253 1454; x_wconf 87' lang='lat' dir='ltr'>apostolice</span> <span class='ocrx_word' id='word_1_165' title='bbox 266 1411 322 1454; x_wconf 83' lang='lat' dir='ltr'>sedis,</span> <span class='ocrx_word' id='word_1_166' title='bbox 335 1411 368 1455; x_wconf 93' lang='lat' dir='ltr'>qui</span> <span class='ocrx_word' id='word_1_167' title='bbox 382 1410 426 1446; x_wconf 89' lang='lat' dir='ltr'>huic</span> <span class='ocrx_word' id='word_1_168' title='bbox 438 1410 487 1446; x_wconf 84' lang='lat' dir='ltr'>forte</span> <span class='ocrx_word' id='word_1_169' title='bbox 499 1410 608 1446; x_wconf 86' lang='lat' dir='ltr'>interfuerat</span> <span class='ocrx_word' id='word_1_170' title='bbox 621 1410 728 1454; x_wconf 79' lang='lat' dir='ltr'>conventui,</span> <span class='ocrx_word' id='word_1_171' title='bbox 737 1410 865 1455; x_wconf 89' lang='lat' dir='ltr'>superborum</span> <span class='ocrx_word' id='word_1_172' title='bbox 874 1410 937 1447; x_wconf 90' lang='lat' dir='ltr'>turba-</span> 
     </span>
     <span class='ocr_line' id='line_1_22' title="bbox 148 1468 842 1515; baseline 0 -11"><span class='ocrx_word' id='word_1_173' title='bbox 148 1470 178 1505; x_wconf 89' lang='lat' dir='ltr'>tus</span> <span class='ocrx_word' id='word_1_174' title='bbox 191 1469 269 1515; x_wconf 86' lang='lat' dir='ltr'>injuriis,</span> <span class='ocrx_word' id='word_1_175' title='bbox 283 1469 339 1514; x_wconf 76' lang='lat' dir='ltr'>huius</span> <span class='ocrx_word' id='word_1_176' title='bbox 353 1470 406 1506; x_wconf 91' lang='lat' dir='ltr'>modi</span> <span class='ocrx_word' id='word_1_177' title='bbox 420 1470 520 1515; x_wconf 86' lang='lat' dir='ltr'>epistolam</span> <span class='ocrx_word' id='word_1_178' title='bbox 533 1470 557 1505; x_wconf 91' lang='lat' dir='ltr'>ad</span> <span class='ocrx_word' id='word_1_179' title='bbox 572 1469 683 1508; x_wconf 83' lang='lat' dir='ltr'>Rotbertum</span> <span class='ocrx_word' id='word_1_180' title='bbox 696 1480 761 1515; x_wconf 88' lang='lat' dir='ltr'>regern</span> <span class='ocrx_word' id='word_1_181' title='bbox 774 1468 842 1515; x_wconf 83' lang='lat' dir='ltr'>dirigit.</span> 
     </span>
    </p>
   </div>
   <div class='ocr_carea' id='block_1_3' title="bbox 196 1539 506 1585">
    <p class='ocr_par' dir='ltr' id='par_1_5' title="bbox 196 1539 506 1585">
     <span class='ocr_line' id='line_1_23' title="bbox 196 1539 506 1585; baseline -0.003 -9"><span class='ocrx_word' id='word_1_182' title='bbox 196 1541 259 1576; x_wconf 81' lang='lat' dir='ltr'>Neues</span> <span class='ocrx_word' id='word_1_183' title='bbox 272 1540 342 1577; x_wconf 77' lang='lat' dir='ltr'>Archiv</span> <span class='ocrx_word' id='word_1_184' title='bbox 355 1542 366 1577; x_wconf 79' lang='lat'>3</span> <span class='ocrx_word' id='word_1_185' title='bbox 379 1539 442 1585; x_wconf 71' lang='lat'>(1878)</span> <span class='ocrx_word' id='word_1_186' title='bbox 455 1542 506 1577; x_wconf 81' lang='lat' dir='ltr'>35os.</span> 
     </span>
    </p>
   </div>
   <div class='ocr_carea' id='block_1_4' title="bbox 524 1646 563 1688">
    <p class='ocr_par' dir='ltr' id='par_1_6' title="bbox 524 1646 563 1688">
     <span class='ocr_line' id='line_1_24' title="bbox 524 1646 563 1688; baseline 0 0"><span class='ocrx_word' id='word_1_187' title='bbox 524 1646 563 1688; x_wconf 89' lang='grc'>92.</span> 
     </span>
    </p>
   </div>
   <div class='ocr_carea' id='block_1_5' title="bbox 205 1734 935 1785">
    <p class='ocr_par' dir='ltr' id='par_1_7' title="bbox 205 1734 935 1785">
     <span class='ocr_line' id='line_1_25' title="bbox 205 1734 935 1785; baseline 0.001 -8"><span class='ocrx_word' id='word_1_188' title='bbox 205 1738 262 1785; x_wconf 82' lang='lat'>1016,</span> <span class='ocrx_word' id='word_1_189' title='bbox 274 1738 325 1778; x_wconf 81' lang='lat' dir='ltr'>Dec.</span> <span class='ocrx_word' id='word_1_190' title='bbox 335 1739 372 1778; x_wconf 81' lang='lat'>25.</span> <span class='ocrx_word' id='word_1_191' title='bbox 383 1734 510 1778; x_wconf 78' lang='lat' dir='ltr'>Benedictus</span> <span class='ocrx_word' id='word_1_192' title='bbox 522 1738 571 1778; x_wconf 87' lang='lat' dir='ltr'><em>VIII</em></span> <span class='ocrx_word' id='word_1_193' title='bbox 579 1738 686 1784; x_wconf 77' lang='lat' dir='ltr'>Richardo</span> <span class='ocrx_word' id='word_1_194' title='bbox 694 1739 716 1778; x_wconf 94' lang='grc' dir='ltr'>ΙΙ</span> <span class='ocrx_word' id='word_1_195' title='bbox 724 1739 870 1779; x_wconf 82' lang='lat' dir='ltr'>Normunnioe</span> <span class='ocrx_word' id='word_1_196' title='bbox 879 1739 935 1779; x_wconf 83' lang='lat' dir='ltr'>duci.</span> 
     </span>
    </p>
   </div>
   <div class='ocr_carea' id='block_1_6' title="bbox 149 1814 939 2255">
    <p class='ocr_par' dir='ltr' id='par_1_8' title="bbox 149 1814 939 2255">
     <span class='ocr_line' id='line_1_26' title="bbox 204 1814 937 1864; baseline 0.001 -10"><span class='ocrx_word' id='word_1_197' title='bbox 204 1814 374 1864; x_wconf 87' lang='lat' dir='ltr'>...Quapropter</span> <span class='ocrx_word' id='word_1_198' title='bbox 390 1814 457 1855; x_wconf 89' lang='lat' dir='ltr'>exhoc</span> <span class='ocrx_word' id='word_1_199' title='bbox 478 1815 520 1862; x_wconf 83' lang='lat' dir='ltr'>jam</span> <span class='ocrx_word' id='word_1_200' title='bbox 543 1815 644 1864; x_wconf 83' lang='lat' dir='ltr'>deinceps</span> <span class='ocrx_word' id='word_1_201' title='bbox 659 1818 679 1855; x_wconf 88' lang='lat' dir='ltr'>te</span> <span class='ocrx_word' id='word_1_202' title='bbox 694 1818 714 1855; x_wconf 89' lang='lat' dir='ltr'>et</span> <span class='ocrx_word' id='word_1_203' title='bbox 729 1815 839 1855; x_wconf 88' lang='lat' dir='ltr'>ecclesiam</span> <span class='ocrx_word' id='word_1_204' title='bbox 862 1827 903 1864; x_wconf 89' lang='lat' dir='ltr'>que</span> <span class='ocrx_word' id='word_1_205' title='bbox 926 1828 937 1855; x_wconf 90' lang='lat' dir='ltr'>a</span> 
     </span>
     <span class='ocr_line' id='line_1_27' title="bbox 150 1880 938 1928; baseline 0 -9"><span class='ocrx_word' id='word_1_206' title='bbox 150 1883 208 1928; x_wconf 89' lang='lat' dir='ltr'>patre</span> <span class='ocrx_word' id='word_1_207' title='bbox 222 1883 259 1920; x_wconf 90' lang='lat' dir='ltr'>tuo</span> <span class='ocrx_word' id='word_1_208' title='bbox 274 1880 361 1920; x_wconf 91' lang='lat' dir='ltr'>fundata</span> <span class='ocrx_word' id='word_1_209' title='bbox 377 1883 433 1920; x_wconf 88' lang='lat' dir='ltr'>est...</span> <span class='ocrx_word' id='word_1_210' title='bbox 450 1883 470 1920; x_wconf 93' lang='lat' dir='ltr'>et</span> <span class='ocrx_word' id='word_1_211' title='bbox 485 1880 573 1920; x_wconf 90' lang='lat' dir='ltr'>domum</span> <span class='ocrx_word' id='word_1_212' title='bbox 589 1883 647 1920; x_wconf 90' lang='lat' dir='ltr'>tuam</span> <span class='ocrx_word' id='word_1_213' title='bbox 658 1883 678 1920; x_wconf 88' lang='lat' dir='ltr'>et</span> <span class='ocrx_word' id='word_1_214' title='bbox 689 1881 769 1927; x_wconf 92' lang='lat' dir='ltr'>omnia,</span> <span class='ocrx_word' id='word_1_215' title='bbox 786 1892 827 1928; x_wconf 90' lang='lat' dir='ltr'>que</span> <span class='ocrx_word' id='word_1_216' title='bbox 842 1880 871 1920; x_wconf 92' lang='lat' dir='ltr'>tui</span> <span class='ocrx_word' id='word_1_217' title='bbox 886 1880 938 1927; x_wconf 87' lang='lat' dir='ltr'>juris</span> 
     </span>
     <span class='ocr_line' id='line_1_28' title="bbox 149 1945 937 1994; baseline 0 -10"><span class='ocrx_word' id='word_1_218' title='bbox 149 1956 195 1985; x_wconf 89' lang='lat' dir='ltr'>esse</span> <span class='ocrx_word' id='word_1_219' title='bbox 210 1945 333 1984; x_wconf 86' lang='lat' dir='ltr'>videntur...</span> <span class='ocrx_word' id='word_1_220' title='bbox 349 1945 389 1984; x_wconf 89' lang='lat' dir='ltr'>sub</span> <span class='ocrx_word' id='word_1_221' title='bbox 405 1946 524 1994; x_wconf 88' lang='lat' dir='ltr'>patrocinio</span> <span class='ocrx_word' id='word_1_222' title='bbox 539 1945 563 1984; x_wconf 89' lang='lat' dir='ltr'>B.</span> <span class='ocrx_word' id='word_1_223' title='bbox 580 1945 661 1984; x_wconf 84' lang='lat' dir='ltr'>Petri...</span> <span class='ocrx_word' id='word_1_224' title='bbox 681 1948 701 1984; x_wconf 90' lang='lat' dir='ltr'>et</span> <span class='ocrx_word' id='word_1_225' title='bbox 723 1947 820 1985; x_wconf 88' lang='lat' dir='ltr'>nostra...</span> <span class='ocrx_word' id='word_1_226' title='bbox 837 1945 937 1985; x_wconf 89' lang='lat' dir='ltr'>constitu·</span> 
     </span>
     <span class='ocr_line' id='line_1_29' title="bbox 149 2010 936 2060; baseline 0.001 -11"><span class='ocrx_word' id='word_1_227' title='bbox 149 2010 230 2049; x_wconf 90' lang='lat' dir='ltr'>imus...</span> <span class='ocrx_word' id='word_1_228' title='bbox 247 2010 295 2049; x_wconf 86' lang='lat' dir='ltr'>Hoc</span> <span class='ocrx_word' id='word_1_229' title='bbox 310 2011 373 2050; x_wconf 85' lang='lat' dir='ltr'>etiarn</span> <span class='ocrx_word' id='word_1_230' title='bbox 389 2010 548 2050; x_wconf 88' lang='lat' dir='ltr'>decernimus...</span> <span class='ocrx_word' id='word_1_231' title='bbox 565 2013 587 2049; x_wconf 90' lang='lat' dir='ltr'>ut</span> <span class='ocrx_word' id='word_1_232' title='bbox 602 2010 672 2050; x_wconf 86' lang='lat' dir='ltr'>nullus</span> <span class='ocrx_word' id='word_1_233' title='bbox 686 2011 837 2060; x_wconf 88' lang='lat' dir='ltr'>episcoporum</span> <span class='ocrx_word' id='word_1_234' title='bbox 853 2011 936 2057; x_wconf 82' lang='lat' dir='ltr'>audeat,</span> 
     </span>
     <span class='ocr_line' id='line_1_30' title="bbox 149 2065 939 2124; baseline 0.001 -10"><span class='ocrx_word' id='word_1_235' title='bbox 149 2076 376 2115; x_wconf 89' lang='lat' dir='ltr'>excommunicationis</span> <span class='ocrx_word' id='word_1_236' title='bbox 390 2075 460 2123; x_wconf 85' lang='lat' dir='ltr'>iaculo</span> <span class='ocrx_word' id='word_1_237' title='bbox 470 2078 490 2115; x_wconf 86' lang='lat' dir='ltr'>te</span> <span class='ocrx_word' id='word_1_238' title='bbox 501 2075 533 2115; x_wconf 84' lang='lat' dir='ltr'>vel</span> <span class='ocrx_word' id='word_1_239' title='bbox 549 2076 660 2116; x_wconf 87' lang='lat' dir='ltr'>ecclesiam</span> <span class='ocrx_word' id='word_1_240' title='bbox 675 2078 741 2123; x_wconf 84' lang='lat' dir='ltr'>tuam,</span> <span class='ocrx_word' id='word_1_241' title='bbox 757 2075 790 2115; x_wconf 85' lang='lat' dir='ltr'>vel</span> <span class='ocrx_word' id='word_1_242' title='bbox 806 2065 897 2124; x_wconf 86' lang='lat' dir='ltr'>aliquem</span> <span class='ocrx_word' id='word_1_243' title='bbox 914 2088 939 2115; x_wconf 90' lang='lat' dir='ltr'>ex</span> 
     </span>
     <span class='ocr_line' id='line_1_31' title="bbox 149 2139 937 2190; baseline 0.001 -11"><span class='ocrx_word' id='word_1_244' title='bbox 149 2140 189 2187; x_wconf 80' lang='lat' dir='ltr'>liis,</span> <span class='ocrx_word' id='word_1_245' title='bbox 201 2139 315 2189; x_wconf 88' lang='lat' dir='ltr'>dequibus</span> <span class='ocrx_word' id='word_1_246' title='bbox 325 2140 430 2188; x_wconf 83' lang='lat' dir='ltr'>iusticiam</span> <span class='ocrx_word' id='word_1_247' title='bbox 441 2140 510 2180; x_wconf 88' lang='lat' dir='ltr'>facere</span> <span class='ocrx_word' id='word_1_248' title='bbox 521 2141 621 2187; x_wconf 80' lang='lat' dir='ltr'>volueris,</span> <span class='ocrx_word' id='word_1_249' title='bbox 634 2141 743 2190; x_wconf 86' lang='lat' dir='ltr'>impetere,</span> <span class='ocrx_word' id='word_1_250' title='bbox 755 2140 794 2180; x_wconf 91' lang='lat' dir='ltr'>nisi</span> <span class='ocrx_word' id='word_1_251' title='bbox 806 2142 854 2180; x_wconf 88' lang='lat' dir='ltr'>ante</span> <span class='ocrx_word' id='word_1_252' title='bbox 864 2139 937 2180; x_wconf 89' lang='lat' dir='ltr'>sedern</span> 
     </span>
     <span class='ocr_line' id='line_1_32' title="bbox 149 2205 655 2255; baseline 0 -9"><span class='ocrx_word' id='word_1_253' title='bbox 149 2205 314 2255; x_wconf 87' lang='lat' dir='ltr'>apostolicam...</span> <span class='ocrx_word' id='word_1_254' title='bbox 331 2205 436 2246; x_wconf 91' lang='lat' dir='ltr'>discussio</span> <span class='ocrx_word' id='word_1_255' title='bbox 452 2205 500 2246; x_wconf 89' lang='lat' dir='ltr'>hinc</span> <span class='ocrx_word' id='word_1_256' title='bbox 515 2207 570 2247; x_wconf 88' lang='lat' dir='ltr'>facta</span> <span class='ocrx_word' id='word_1_257' title='bbox 584 2207 655 2246; x_wconf 87' lang='lat' dir='ltr'>fuerit.</span> 
     </span>
    </p>
   </div>
   <div class='ocr_carea' id='block_1_7' title="bbox 195 2281 795 2328">
    <p class='ocr_par' dir='ltr' id='par_1_9' title="bbox 195 2281 795 2328">
     <span class='ocr_line' id='line_1_33' title="bbox 195 2281 795 2328; baseline 0.002 -12"><span class='ocrx_word' id='word_1_258' title='bbox 195 2281 398 2328; x_wconf 78' lang='lat' dir='ltr'>Pflugli-Harituugl</span> <span class='ocrx_word' id='word_1_259' title='bbox 413 2283 432 2317; x_wconf 91' lang='lat' dir='ltr'>ll</span> <span class='ocrx_word' id='word_1_260' title='bbox 448 2292 466 2317; x_wconf 92' lang='lat' dir='ltr'>n.</span> <span class='ocrx_word' id='word_1_261' title='bbox 481 2282 511 2325; x_wconf 79' lang='lat'>13;</span> <span class='ocrx_word' id='word_1_262' title='bbox 526 2282 548 2317; x_wconf 82' lang='lat' dir='ltr'>[L</span> <span class='ocrx_word' id='word_1_263' title='bbox 561 2283 613 2318; x_wconf 73' lang='lat'>4015.</span> <span class='ocrx_word' id='word_1_264' title='bbox 628 2282 712 2327; x_wconf 83' lang='lat' dir='ltr'>Epistola</span> <span class='ocrx_word' id='word_1_265' title='bbox 725 2282 795 2327; x_wconf 85' lang='lat' dir='ltr'>spuria.</span> 
     </span>
    </p>
   </div>
   <div class='ocr_carea' id='block_1_8' title="bbox 525 2393 564 2435">
    <p class='ocr_par' dir='ltr' id='par_1_10' title="bbox 525 2393 564 2435">
     <span class='ocr_line' id='line_1_34' title="bbox 525 2393 564 2435; baseline 0.026 -1"><span class='ocrx_word' id='word_1_266' title='bbox 525 2393 564 2435; x_wconf 88' lang='lat'>93.</span> 
     </span>
    </p>
   </div>
   <div class='ocr_carea' id='block_1_9' title="bbox 151 2485 940 2601">
    <p class='ocr_par' dir='ltr' id='par_1_11' title="bbox 151 2485 940 2601">
     <span class='ocr_line' id='line_1_35' title="bbox 205 2485 940 2526; baseline 0 0"><span class='ocrx_word' id='word_1_267' title='bbox 205 2487 263 2526; x_wconf 77' lang='lat'>1024.</span> <span class='ocrx_word' id='word_1_268' title='bbox 279 2485 384 2526; x_wconf 75' lang='lat' dir='ltr'>Iohannes</span> <span class='ocrx_word' id='word_1_269' title='bbox 398 2486 453 2526; x_wconf 86' lang='lat' dir='ltr'>XIX</span> <span class='ocrx_word' id='word_1_270' title='bbox 467 2485 554 2526; x_wconf 84' lang='lat' dir='ltr'>Oddoui</span> <span class='ocrx_word' id='word_1_271' title='bbox 568 2485 642 2526; x_wconf 79' lang='lat' dir='ltr'>abbati</span> <span class='ocrx_word' id='word_1_272' title='bbox 655 2486 780 2526; x_wconf 80' lang='lat' dir='ltr'>monasterii</span> <span class='ocrx_word' id='word_1_273' title='bbox 791 2486 940 2526; x_wconf 82' lang='lat' dir='ltr'>Cluuiucensis</span> 
     </span>
     <span class='ocr_line' id='line_1_36' title="bbox 151 2549 376 2601; baseline 0 -9"><span class='ocrx_word' id='word_1_274' title='bbox 151 2550 229 2601; x_wconf 75' lang='lat' dir='ltr'>(Ciunp</span> <span class='ocrx_word' id='word_1_275' title='bbox 243 2552 265 2592; x_wconf 84' lang='lat' dir='ltr'>d.</span> <span class='ocrx_word' id='word_1_276' title='bbox 280 2549 376 2598; x_wconf 70' lang='lat' dir='ltr'>Micon).</span> 
     </span>
    </p>
   </div>
   <div class='ocr_carea' id='block_1_10' title="bbox 149 2623 940 2745">
    <p class='ocr_par' dir='ltr' id='par_1_12' title="bbox 149 2623 940 2745">
     <span class='ocr_line' id='line_1_37' title="bbox 203 2623 940 2679; baseline 0.001 -10"><span class='ocrx_word' id='word_1_277' title='bbox 203 2629 351 2670; x_wconf 89' lang='lat' dir='ltr'>interdicimus</span> <span class='ocrx_word' id='word_1_278' title='bbox 367 2632 437 2670; x_wconf 88' lang='lat' dir='ltr'>autem</span> <span class='ocrx_word' id='word_1_279' title='bbox 449 2629 489 2670; x_wconf 92' lang='lat' dir='ltr'>sub</span> <span class='ocrx_word' id='word_1_280' title='bbox 499 2630 562 2670; x_wconf 92' lang='lat' dir='ltr'>simili</span> <span class='ocrx_word' id='word_1_281' title='bbox 575 2630 714 2670; x_wconf 85' lang='lat' dir='ltr'>anathematis</span> <span class='ocrx_word' id='word_1_282' title='bbox 730 2623 903 2679; x_wconf 82' lang='lat' dir='ltr'>promulgatione</span> <span class='ocrx_word' id='word_1_283' title='bbox 918 2633 940 2670; x_wconf 87' lang='lat' dir='ltr'>ut</span> 
     </span>
     <span class='ocr_line' id='line_1_38' title="bbox 149 2695 940 2745; baseline 0 -10"><span class='ocrx_word' id='word_1_284' title='bbox 149 2696 216 2735; x_wconf 88' lang='lat' dir='ltr'>isdem</span> <span class='ocrx_word' id='word_1_285' title='bbox 233 2695 293 2736; x_wconf 92' lang='lat' dir='ltr'>locus</span> <span class='ocrx_word' id='word_1_286' title='bbox 308 2695 348 2735; x_wconf 90' lang='lat' dir='ltr'>sub</span> <span class='ocrx_word' id='word_1_287' title='bbox 364 2696 442 2735; x_wconf 91' lang='lat' dir='ltr'>nullius</span> <span class='ocrx_word' id='word_1_288' title='bbox 457 2695 611 2744; x_wconf 85' lang='lat' dir='ltr'>cujuscumque</span> <span class='ocrx_word' id='word_1_289' title='bbox 624 2696 719 2745; x_wconf 91' lang='lat' dir='ltr'>episcopi</span> <span class='ocrx_word' id='word_1_290' title='bbox 731 2695 763 2735; x_wconf 86' lang='lat' dir='ltr'>vel</span> <span class='ocrx_word' id='word_1_291' title='bbox 774 2695 890 2735; x_wconf 89' lang='lat' dir='ltr'>sacerdotis</span> <span class='ocrx_word' id='word_1_292' title='bbox 905 2695 940 2735; x_wconf 92' lang='lat' dir='ltr'>de·</span> 
     </span>
    </p>
   </div>
   <div class='ocr_carea' id='block_1_11' title="bbox 0 0 995 3157">
    <p class='ocr_par' dir='ltr' id='par_1_13' title="bbox 0 0 995 3157">
     <span class='ocr_line' id='line_1_39' title="bbox 0 0 995 3157; baseline 0 0"><span class='ocrx_word' id='word_1_293' title='bbox 0 0 995 3157; x_wconf 95' lang='lat' dir='ltr'> </span> 
     </span>
    </p>
   </div>
  </div>
 </body>
</html>
