1975 3157
166 160 189 195 o2
433 168 562 205 scnrvroaes,
575 168 687 197 earsrocne

166 290 239 328 contra
254 300 302 328 eum
318 289 449 335 irasceretur,
461 288 569 328 humiliter
580 288 727 337 precabantur,
744 291 766 328 ut
781 289 903 336 dimitteret,
916 291 953 337 sed

167 353 218 392 nihil
234 353 322 402 proluit.

193 448 195 453 ·
220 454 238 482 c.
246 443 279 482 36.
286 442 346 482 Tunc
354 443 452 483 monachi
462 444 518 502 inito
523 443 621 490 consilio,
629 443 731 492 quoniam
739 442 781 491 jam
791 442 954 492 plenissimede-
982 444 983 447 ’

167 509 268 547 claratum
277 511 328 555 erat,
338 508 396 557 quod
405 520 416 548 a
425 510 544 557 praeceptis
552 512 572 548 et
581 509 689 548 voluntate
697 508 851 557 archiepiscopi
860 508 925 548 abbas
933 520 954 549 se

167 585 254 613 movere
269 585 311 613 non
323 573 408 613 volebat
423 585 462 613 nec
472 576 561 622 poterat,
579 586 605 614 ne
620 574 646 613 de
662 574 806 614 inobedientia
824 576 953 623 argueretur,
980 570 987 620 i

167 640 217 679 satis
231 639 300 679 tristes
311 638 437 679 obedierunt
448 642 560 688 totumque
571 639 671 685 divinum,
682 639 779 679 officium
795 641 830 685 ita,
846 639 905 687 quod
917 652 955 680 nec

168 706 187 743 in
206 705 272 751 altari,
291 705 349 752 quod
367 704 387 744 b.
407 705 449 744 Leo
467 717 536 744 nonus
555 717 609 753 papa
624 704 767 752 benedixerat,
784 705 849 744 missa
863 703 954 744 celebra·
983 750 988 763 ¹

168 772 231 817 retur,
247 770 380 810 dimiserunt.
398 770 475 810 lterum
490 769 664 819 archiepiscopus
680 772 759 810 mutata
777 770 880 810 sententia
898 782 955 809 man·
983 823 985 827 ,

168 835 224 874 davit
239 836 276 881 eis,
293 838 315 874 ut
329 835 384 874 clam
400 836 420 874 in
435 835 519 875 silentio
535 837 650 882 cantarent,
666 846 781 884 campanas
796 834 894 875 videlicet
913 846 954 875 non

168 900 283 949 pulsantes,
299 901 353 940 ostia
368 901 490 940 monasterii
501 901 541 947 sui,
554 913 579 940 ne
594 900 670 949 aliquis
685 901 712 940 de
727 900 850 940 hominibus
861 901 954 947 intraret,
983 948 987 962 k

168 965 252 1005 assidue
272 965 401 1005 claudentes.
423 966 463 1015 lpsi
484 969 554 1006 autem
576 965 732 1014 responderunt
750 965 852 1013 janitores
870 978 893 1006 se
913 978 955 1006 non
985 991 988 1002 ξ

168 1024 221 1077 esse,
240 1032 355 1070 servientes
372 1031 413 1070 hoc
431 1031 508 1071 debere
524 1031 603 1078 tacere;
620 1030 760 1080 quibuscum
776 1030 842 1070 abbas
859 1030 956 1071 claudere
984 1058 986 1065 ,

105 1141 107 1145 ,
169 1097 317 1145 praecepisset,
329 1108 355 1136 ne
370 1097 446 1146 aliquis
457 1097 568 1136 hominum
579 1096 600 1136 b.
616 1097 706 1145 Remigii
723 1097 815 1143 intraret,
826 1108 901 1136 omnes
913 1098 955 1144 pari
986 1094 988 1138 Ξ

168 1173 273 1201 consensu
294 1161 319 1201 de
342 1161 430 1202 ecclesia
451 1162 547 1202 exierunt
568 1161 662 1202 dicentes
683 1173 706 1202 se
728 1162 791 1202 etiam
814 1161 913 1202 homines
934 1162 955 1202 b.
986 1155 988 1172 ³

169 1227 258 1276 Remigii
279 1239 332 1273 esse,
355 1229 486 1267 sacramenta
509 1239 547 1276 pro
569 1227 670 1267 fidelitate
692 1227 788 1275 ejusdem
811 1238 858 1267 cum
875 1228 956 1278 ceteris

169 1292 394 1339 homiuibusjurasse;
410 1292 446 1333 ubi
463 1292 490 1332 illi
507 1295 647 1340 remanerent,
659 1304 681 1332 se
692 1292 755 1333 etiam
771 1292 824 1332 velle
838 1304 954 1339 remanere,
987 1333 988 1337 ,

169 1362 189 1398 et
206 1369 249 1407 quo
267 1359 374 1405 intrarent,
394 1358 447 1397 velle
465 1358 548 1398 intrare,
568 1357 609 1398 Sed
627 1360 647 1398 et
664 1369 739 1397 omnes
757 1358 872 1398 servientes
892 1358 957 1398 totius

169 1424 239 1463 curiae
254 1423 275 1463 b.
293 1423 390 1472 Remigii,
407 1424 460 1470 coci,
473 1425 570 1472 pistores,
587 1423 730 1470 matricularii,
742 1425 857 1463 servientes
871 1423 956 1472 hospitii

170 1493 189 1529 et
211 1489 346 1538 elemosynae
368 1489 488 1538 domusque
511 1489 645 1528 intirmorum
661 1492 681 1528 et
700 1489 826 1529 horreorum
846 1500 914 1538 usque
932 1489 957 1528 ad

169 1557 254 1594 centum
270 1553 322 1594 haec
337 1554 431 1594 dicentes
452 1554 549 1594 abierunt
563 1556 584 1594 et
599 1555 619 1593 in
635 1555 728 1594 maximo
751 1554 825 1594 dolore
841 1556 861 1594 et
875 1554 958 1594 tristitia

170 1620 288 1660 monachos
298 1620 431 1660 dimiserunt.
444 1620 549 1660 Homines
559 1622 629 1659 autem
645 1621 705 1660 castri
717 1623 737 1659 et
752 1620 813 1669 burgi
828 1619 956 1666 juraverunt,

170 1685 228 1734 quod
244 1686 260 1724 si
276 1686 306 1725 eis
321 1686 380 1733 quasi
396 1686 584 1725 excommunicatis
599 1685 687 1725 ecclesia
709 1685 849 1733 clauderetur,
866 1697 904 1725 nec
924 1697 958 1734 pa-

171 1763 218 1790 nem
235 1763 273 1790 nec
288 1752 368 1797 vinum,
388 1752 474 1800 insuper
484 1751 565 1790 nullum
577 1751 666 1790 omnino
677 1751 754 1791 victum
766 1751 798 1790 vel
809 1751 957 1791 vestimentum

171 1818 200 1856 eis
216 1814 269 1862 (scil.
287 1815 404 1861 monachis)
420 1816 542 1863 venderent,
555 1819 575 1856 et
585 1818 602 1856 si
618 1817 665 1865 quis
681 1817 773 1856 vendere
783 1816 815 1855 vel
827 1816 877 1856 dare
888 1816 957 1862 vellet,
986 1848 987 1851 ,

171 1893 213 1921 non
229 1882 365 1922 dimitterent.
383 1882 442 1921 Haec
452 1883 524 1922 omnia
535 1882 624 1922 audiens
634 1882 808 1931 archiepiscopus
816 1893 860 1922 non
871 1881 957 1928 curavit,

171 1948 349 1987 necsententiam'
360 1959 420 1987 suam
436 1949 517 1987 mutare
533 1947 607 1993 voluit,
626 1948 699 1996 sicque
714 1959 753 1987 nec
768 1948 821 1987 ostia
837 1947 958 1987 monasterii

171 2013 241 2052 clausa
249 2016 298 2052 sunt
306 2025 317 2052 a
325 2012 472 2059 servientibus,
483 2025 522 2052 nec
530 2024 569 2052 nos
580 2013 675 2052 divinum
692 2012 787 2052 otticium
797 2013 958 2052 celebravimus.

220 2088 244 2123 Η.
263 2087 349 2132 Nleinert,
370 2087 435 2123 Libelli
455 2088 479 2123 de
498 2087 594 2123 discordia
613 2087 661 2123 inter
680 2087 786 2123 monachos
806 2087 824 2123 S.
845 2087 924 2133 Remigii
942 2089 959 2122 et

171 2147 189 2183 S.
200 2146 269 2182 Nicasii
280 2147 383 2186 Remenses
392 2147 466 2193 agitata,
476 2147 504 2182 in:
515 2146 622 2183 Festschrltt
631 2146 642 2181 t.
653 2146 695 2182 Alb.
707 2147 824 2182 Brackmanu
832 2145 894 2191 (1931)
904 2147 938 2182 283
945 2157 960 2182 s.

171 2228 194 2232 -
207 2205 340 2243 Controversia
355 2207 421 2252 postea
438 2206 517 2245 Romam
527 2206 589 2242 delata
598 2208 634 2250 est;
649 2207 672 2242 de
682 2206 779 2242 definitiva
787 2206 885 2242 decisione
900 2206 957 2242 libelli

171 2266 216 2301 nihil
226 2266 328 2320 continent.
342 2266 370 2302 Ct.
384 2266 438 2312 epist.
453 2266 548 2302 Paschalis
559 2267 573 2301 ll
588 2266 605 2302 d.
617 2267 643 2302 15.
658 2265 703 2311 Apr.
714 2266 765 2310 1113,
778 2266 796 2301 in
810 2276 849 2311 qua
862 2277 899 2311 pax
913 2265 960 2301 inter

172 2325 286 2361 monasteria
299 2325 316 2361 S.
331 2325 410 2371 Remigii
424 2327 442 2361 et
455 2325 472 2361 S.
487 2325 558 2361 Nicasii
571 2325 595 2361 de
609 2325 670 2371 burgo
684 2325 807 2361 confirmatur
820 2325 851 2370 (ll.
864 2324 924 2369 6352).

220 2410 271 2445 Nota
284 2409 307 2445 ad
321 2419 336 2445 c.
349 2410 378 2445 35.
392 2409 488 2445 Immerito
502 2409 591 2445 monachi
605 2408 623 2445 S.
637 2409 716 2454 Remigii
730 2409 841 2445 invocantes
855 2419 911 2444 suum
925 2409 961 2455 pri-

171 2469 261 2514 vilegium
275 2468 440 2514 archiepiscopum
454 2468 555 2514 injustitiae
568 2471 655 2514 arguunt,
670 2469 695 2504 Ut
708 2467 804 2504 Moblllon
818 2468 878 2512 refert,
889 2469 926 2504 Leo
937 2468 960 2503 lx

172 2528 237 2574 primis
251 2528 319 2564 diebus
332 2528 422 2564 Octobris
437 2529 482 2564 1049
499 2527 561 2567 Remis
575 2527 671 2574 synodum
684 2527 791 2572 celebravit,
804 2538 842 2573 qua
859 2528 960 2566 occasione

172 2589 190 2623 d.
200 2590 216 2624 5.
226 2588 268 2623 Oct.
277 2589 334 2623 altare
347 2587 437 2623 ecclesiae
447 2587 555 2623 monasterii
565 2587 583 2623 S.
594 2587 673 2633 Remigii
681 2587 803 2623 consecravit.
812 2587 874 2623 Verba
882 2587 961 2623 Leonis:

174 2647 320 2683 «Deliberamus
334 2647 397 2692 itaque
410 2649 428 2683 et
441 2657 505 2683 coram
520 2647 554 2682 hac
567 2648 632 2682 sancta
645 2647 720 2693 synodo
738 2647 889 2693 promulgamus,
898 2647 961 2683 statui-

173 2717 215 2744 mus
228 2709 245 2742 et
258 2706 400 2751 confirmamus,
414 2708 434 2742 ut
447 2707 494 2742 haec
507 2707 587 2742 ecclesia
600 2707 637 2742 hoc
651 2706 771 2752 privilegium
787 2708 862 2743 nostrae
881 2706 961 2742 auctori-
