1924 3132
358 145 500 198 inrnouucrio
813 161 823 195 5

36 289 125 340 epistula
139 289 160 330 S.
172 287 299 339 Αιιςιιεῒίηί2
307 289 333 329 ad
341 288 448 329 Auxilium
464 290 598 338 episcopum,
608 289 643 338 qui
656 291 742 338 propter
751 301 823 338 pecca·
837 335 840 338 ,

35 359 79 396 tum
94 355 205 404 personale
220 353 343 394 Classiciani
357 354 421 394 simul
434 356 500 394 totam
514 354 559 403 ejus
571 354 673 394 familiam
687 353 823 394 anathemati-

36 423 118 462 zaverat
140 423 160 460 et
182 423 294 470 propterea
316 432 327 460 a
348 420 369 460 S.
393 419 513 469 Augustino
539 420 614 459 acriter
635 420 773 468 vituperatur.
798 440 823 444 -

36 486 75 526 Alii
91 498 117 526 ex
131 486 172 526 hoc
187 485 272 535 probari
288 497 359 534 posse,
376 486 417 525 iam
432 488 530 534 tempore
545 484 566 524 S.
582 484 638 534 Aug.
657 485 791 525 interdictum
803 486 823 525 in

36 564 75 592 usu
90 552 162 599 tuisse,
179 554 312 601 putaverunt.
329 571 354 575 —
370 551 429 591 Haec
453 550 542 600 epistula
564 551 635 599 magni
658 551 761 590 momenti
784 553 822 598 est,

36 619 57 658 in
72 617 135 656 variis
149 628 236 666 quoque
251 627 358 655 canonum
374 615 536 656 collectionibus
556 615 645 655 retertur
666 614 705 656 sub
728 615 822 656 rubrica:

36 683 77 723 Pro
93 676 184 731 peccatis
197 682 268 731 patris·
279 693 322 721 non
338 684 369 721 est
390 681 447 721 iilius
469 677 704 721 anathematizandu53.
721 681 750 721 lta
772 680 824 721 baec

36 748 146 797 persuasio
160 758 246 796 semper
261 747 280 786 in
297 747 389 787 Ecclesia
404 747 451 786 viva
467 747 589 795 permansit.

90 812 205 861 Propterea
220 814 308 859 textum,
325 812 345 851 in
361 823 404 861 quo
419 812 508 852 ecclesia
523 811 593 860 aliqua
608 812 640 852 vel
658 812 718 860 regio
740 824 824 852 excom-

37 878 138 918 municari
155 877 238 924 dicitur,
264 877 292 917 ita
307 879 329 917 ut
351 878 476 917 innocentes
497 888 585 926 quoque
607 876 823 926 comprehendantur,

36 943 152 992 generatim
169 942 195 982 de
211 942 323 982 interdicto
338 941 399 982 locali
416 942 547 991 interpretari
563 941 618 982 licet.
635 941 729 989 Quando
751 954 824 982 mona-

36 1007 123 1048 sterium
139 1008 199 1048 cuius
214 1006 312 1047 monachi
329 1018 404 1047 omnes
419 1006 490 1047 delicti
506 1007 620 1056 participes
634 1009 690 1054 sunt,
702 1019 824 1048 excommu-

37 1074 100 1114 nicari
124 1073 207 1120 dicitur,
231 1073 257 1113 de
282 1073 504 1113 excommunicatione
526 1073 612 1121 proprie
637 1073 692 1113 dicta
716 1074 824 1122 agitur;e

37 1141 110 1179 contra
124 1140 193 1178 textus
208 1139 234 1178 de
250 1138 362 1178 interdicto
377 1138 439 1178 locali
455 1138 517 1186 valet,
533 1138 549 1178 si
566 1141 646 1187 partem
657 1138 824 1191 'monachorum

37 1205 172 1244 innocentem
188 1216 234 1244 esse
249 1206 338 1244 constat.
485 1210 488 1213 ⁴

50 1281 52 1284 ⁴
91 1269 217 1317 interdicere
233 1281 335 1317 personas
350 1270 371 1309 in
386 1268 478 1309 textibus
493 1270 609 1318 generatim
626 1269 760 1309 interdictum
779 1282 824 1319 per·

36 1334 109 1375 sonale
124 1334 238 1383 significat,
254 1346 309 1383 quae
325 1346 363 1383 pro
378 1334 460 1374 clericis
470 1346 533 1384 saepe
544 1336 707 1383 suspensionem
719 1335 823 1383 adivinis,

37 1413 76 1450 pro
91 1399 150 1440 laicis
159 1400 322 1455 suspensionem
334 1401 384 1440 iuris
395 1400 534 1449 participandi
546 1400 623 1440 divinis
634 1401 711 1441 oiliciis
722 1402 823 1442 continet.

37 1465 131 1513 Quando
146 1477 221 1505 omnes
236 1465 335 1505 monachi
351 1465 439 1505 alicuius
455 1466 576 1505 monasterii
600 1466 695 1505 interdici
718 1466 824 1514 dicuntur,
869 1477 872 1482 ⁴

37 1530 143 1571 interdum
160 1531 215 1581 idem
232 1529 321 1570 habetur
335 1533 398 1579 atque
410 1531 430 1570 in
442 1531 554 1571 interdicto
569 1531 638 1571 locali.
650 1532 705 1571 inter
719 1531 759 1571 alia
777 1543 824 1580 pro-

37 1596 107 1636 blema
123 1608 161 1644 pro
176 1594 361 1644 exercitationibus
376 1598 448 1644 aptum
465 1599 503 1643 est,
519 1609 544 1636 ex
566 1597 617 1645 ipsis
639 1595 730 1637 textibus
752 1609 825 1636 eruere

37 1661 88 1710 quid
107 1661 360 1702 locutio‡«interdictus›>
378 1661 492 1710 significet,
512 1664 582 1701 utrum
601 1661 726 1702 adhibeatur
743 1664 824 1702 tantum

38 1727 63 1766 de
79 1726 104 1766 iis
119 1727 154 1775 qui
170 1726 282 1767 interdicto
298 1726 411 1775 personali,
428 1738 453 1766 an
472 1728 534 1767 etiam
558 1727 585 1766 de
608 1728 633 1767 iis
655 1727 690 1776 qui
714 1727 825 1767 interdicto

37 1791 98 1831 locali
114 1791 211 1832 subsunt.
228 1790 260 1831 De
275 1791 314 1831 hac
329 1792 454 1841 quaestione
469 1804 532 1841 saepe
548 1792 678 1847 disputatum
694 1794 725 1832 est
733 1789 748 1832 ⁴.

91 1856 201 1905 Praeterea
216 1858 236 1896 in
252 1857 383 1905 explicandis
398 1856 489 1897 textibus
498 1857 617 1897 differentia
626 1858 680 1898 inter
691 1858 825 1898 interdictum

37 1924 57 1961 et
72 1922 237 1975 exsecrationem
254 1922 355 1962 ecclesiae
370 1922 498 1962 attendenda
513 1925 552 1963 est.
569 1923 624 1962 Nam
640 1923 660 1963 in
676 1922 717 1963 hoc
739 1916 826 1972 quoque

36 1998 86 2026 casu
102 1986 200 2026 divinum
215 1986 311 2027 otlicium
334 1989 421 2036 propter
443 1987 543 2027 delictum
559 2000 579 2027 v.
603 2000 624 2036 g.
640 1988 781 2028 homicidium
804 1989 825 2028 in

5 2095 7 2098 Α
37 2051 126 2092 ecclesia
141 2055 245 2101 patratum
261 2053 365 2093 omittitur
380 2055 400 2092 ct
415 2052 504 2101 quidem
521 2054 548 2092 ita
563 2055 585 2093 ut
600 2052 663 2093 etiam
681 2053 826 2094 innocentesa

38 2117 110 2157 divino
125 2116 200 2167 otticio}
214 2117 359 2157 excludantur.
377 2117 398 2156 ln
414 2129 463 2157 casu
479 2118 630 2158 exsecrationis
644 2129 682 2158 seu
702 2118 827 2167 pollutionis

38 2181 139 2222 ecclcsiae
154 2183 225 2223 divina
240 2182 312 2222 officia
334 2185 382 2232 post
397 2183 442 2223 eius
464 2183 660 2223 reconciliationem
682 2186 825 2232 resumuntur,

38 2247 206 2296 independenter
221 2260 232 2288 a
248 2248 358 2297 punitione
383 2248 537 2297 delinquentis3
561 2248 695 2289 interdictum
717 2261 768 2289 vero
783 2261 826 2289 non

37 2313 76 2353 nisi
93 2312 164 2353 debita
185 2304 355 2355 satisfactionea
377 2313 514 2362 delinquente
536 2314 641 2362 praestita,
663 2313 689 2354 ab
704 2315 827 2355 auctoritate

38 2377 179 2418 ecclesiastica
195 2378 282 2421 tollitur.

85 2534 174 2582 ²Migne
187 2536 217 2572 PL
230 2536 259 2581 33,
274 2537 325 2573 1066.

21 2612 29 2636 ῃ
87 2594 157 2632 ³!lns.
170 2596 267 2632 deLuccu
280 2596 314 2631 Xll
333 2597 411 2640 6731v0
433 2597 511 2633 Carnot.
533 2596 622 2632 Panorm.
635 2597 652 2633 V
666 2597 705 2641 126,
726 2590 838 2633 Decretum

38 2653 81 2691 XlV
94 2655 127 2698 443
141 2655 216 2692 Decret.
229 2654 315 2691 Gratiani
328 2655 349 2692 C.
363 2656 425 2692 XXlV
437 2656 461 2698 Q.
474 2656 499 2692 ill
513 2667 528 2692 c.
543 2657 558 2691 l.

87 2712 94 2734 ⁴¹
110 2713 139 2750 Ci.
152 2726 169 2750 v.
182 2726 200 2760 g.
213 2714 325 2760 Hiusclrius,
338 2715 473 2753 Kirchenrecht
485 2707 502 2752 V
514 2717 549 2752 525
562 2726 581 2752 n.
594 2717 622 2752 12.
