1924 3132
336 168 429 198 Decurrit
444 167 493 197 ΗΘΜ.
508 168 634 196 Pontificum

465 317 521 359 254.

146 407 266 453 1113-1115,
274 406 325 445 Dec.
333 406 354 445 9.
363 403 476 444 Pusclzalis
484 405 505 443 ΙΙ
511 404 619 444 canonicis
624 404 773 453 Lugdunensis
781 403 877 453 capituli.

144 489 324 530 Saviniacensium
341 486 448 537 (Savigny,
465 488 486 527 d.
503 485 569 537 Lyonl
591 487 678 527 fratrum
694 487 802 535 querelam
820 499 878 527 acce-

91 555 161 604 pimus
175 566 239 603 super
254 553 340 594 castello
356 553 382 593 de
397 553 500 594 Varennis
515 550 629 598 (Varennel
651 555 671 593 et
688 564 752 601 super
766 552 878 593 obsidibus

90 620 116 660 ab
132 620 208 660 abbate
223 620 309 661 extortis
324 631 363 668 pro
378 618 472 658 castello.
496 619 542 658 Nos
559 618 646 666 quidem
664 618 751 658 obsides
766 630 877 667 perperam

91 688 111 726 et
125 687 198 726 contra
213 685 378 725 ecclesiasticum
395 695 476 724 morem
492 683 619 731 judiciorum
643 696 755 724 censemus
772 686 877 731 extortos;

90 751 199 791 castellum
215 762 265 790 vero
280 761 344 798 supra
359 750 511 789 monasterium
527 750 565 789 rite
580 748 718 795 destructum,
735 749 793 798 quod
809 761 878 798 neque

91 816 149 863 illud,
171 828 239 864 neque
259 815 323 862 aliud,
348 816 367 854 in
390 816 512 855 monasterii
535 815 650 854 laesionem
671 814 777 854 aedificari
795 814 876 854 debuit.

90 881 184 922 Obsides
199 893 251 930 ergo
266 882 324 930 ipsos
339 880 409 920 abbati
424 880 566 921 restituendos
577 881 727 929 praecipimus,
743 883 763 920 et
778 880 877 921 ecclesias

54 990 57 993 ,
90 959 133 987 non
148 946 202 994 juste
217 947 338 986 interdictas
354 945 492 992 absolvimus,
511 946 657 986 coemiterium
675 957 726 985 vero
741 946 767 985 de
783 945 877 986 Bulliaco

91 1010 167 1060 (Bully,
183 1023 223 1051 arr.
240 1011 266 1051 de
282 1009 347 1059 Lyon)
370 1010 460 1050 liberum
478 1013 498 1050 et
515 1012 629 1059 integrum,
646 1012 725 1050 sicula
741 1011 876 1059 Lugdunensi

91 1077 183 1117 Ecclesia
199 1076 271 1116 datum
287 1076 361 1123 iuerat,
378 1077 508 1116 monasterio
524 1087 609 1116 manere
627 1076 768 1116 decernimus.

137 1150 238 1195 Mobillou,
252 1150 319 1186 Annal.
333 1150 357 1186 O.
371 1150 389 1186 S.
403 1150 473 1185 Bened.
486 1151 503 1187 V
516 1151 562 1193 olm
577 1150 606 1186 PL
618 1151 661 1195 ma,
673 1151 720 1194 370,
734 1151 756 1186 lL
769 1151 816 1195 6444
825 1161 841 1186 a.
855 1173 877 1176 —

90 1210 142 1246 hnsa
157 1210 214 1256 hujus
227 1210 319 1256 epistolae
333 1221 356 1245 ex
370 1210 477 1245 narratione
490 1210 597 1246 Mabillonii
611 1212 694 1255 apparet,
707 1221 757 1255 quae
770 1210 825 1246 simul
846 1221 877 1245 ex-

90 1270 151 1315 plicat,
165 1280 198 1305 cur
211 1270 266 1305 etiam
280 1269 320 1305 aliis
333 1269 352 1304 in
366 1270 441 1305 casibus
463 1269 551 1305 monachi
572 1270 718 1305 exstructionem
733 1270 803 1305 castelli
817 1280 877 1315 prope

90 1329 226 1366 monasterinm
239 1340 296 1374 aegre
308 1329 384 1364 tulerint
397 1328 512 1374 saepiusque
531 1329 634 1364 interdictis
647 1329 740 1375 impedire
759 1329 877 1365 studuerint:

137 1389 191 1425 Tunc
204 1389 260 1425 etiam
274 1388 336 1435 gravis
349 1388 478 1424 controversia
491 1388 538 1424 inter
552 1388 641 1424 Pontium
653 1388 805 1425 Saviniacensem
819 1388 877 1425 abba-

89 1449 127 1483 tem
141 1450 159 1484 et
172 1448 272 1484 ecclesiam
285 1447 434 1493 Lugdunensem
448 1447 483 1483 hac
495 1448 596 1484 occasione
611 1449 677 1483 exorta
686 1449 719 1483 est.
733 1448 785 1484 Olim
795 1437 877 1484 Savinia-

89 1519 156 1544 censes
169 1508 307 1552 parochianum
316 1507 413 1553 quendam
427 1507 516 1551 habuere,
530 1507 605 1543 lterium
619 1507 643 1542 de
657 1507 741 1543 Bulliaco
755 1508 877 1553 appellatum,

90 1567 122 1613 qui
141 1567 277 1603 coemeterium
294 1566 394 1612 quoddam
413 1566 440 1602 eis
457 1566 525 1612 injuste
545 1566 653 1611 abstulerat,
666 1566 700 1603 sed
720 1566 763 1603 iacti
777 1567 877 1613 poenitens

89 1627 167 1662 demum
182 1627 291 1662 restituerat.
311 1626 357 1661 Post
372 1626 418 1662 haec
433 1625 541 1671 Stephanus
556 1626 580 1661 de
593 1627 692 1668 Varennis,
706 1626 747 1672 eius
760 1637 824 1672 gener,
838 1637 876 1662 non

90 1686 149 1722 modo
168 1686 304 1722 coemeterium
323 1685 369 1720 illud
385 1686 449 1722 denuo
469 1686 542 1730 invasit,
555 1686 589 1720 sed
605 1685 661 1721 etiam
681 1686 806 1722 munitionem
826 1686 877 1722 haud

90 1745 147 1791 longe
160 1756 171 1781 a
184 1745 300 1781 monasterio
313 1746 410 1789 exstruxit,
423 1747 474 1780 etex
484 1756 506 1781 ea
519 1745 560 1791 ejus
573 1745 654 1781 colonos
663 1756 732 1781 vexare
745 1746 808 1791 coepit
817 1745 877 1781 immo

90 1806 107 1839 et
120 1815 154 1840 sex
168 1805 273 1840 monachos
287 1804 305 1839 in
319 1804 380 1839 vicina
393 1804 440 1840 cella
453 1804 544 1849 degentes
557 1804 635 1849 expulit.
655 1804 704 1840 Cum
720 1805 796 1850 longius
811 1815 877 1851 proce-

89 1864 141 1900 deret
155 1863 200 1903 rixa.
215 1864 274 1910 Hugo
284 1863 417 1909 Lugdunensis
431 1864 586 1910 archiepiscopus
595 1874 616 1899 se
625 1864 750 1899 mediatorem
759 1864 877 1910 interposuit,

89 1933 110 1958 ac
124 1923 249 1959 munitionem
264 1923 333 1959 Pontio
346 1923 409 1959 abbati
424 1923 541 1958 reddendam
557 1923 635 1958 censuit.
646 1923 790 1969 Archiepiscopi
804 1924 883 1969 iudicio-

89 1982 210 2028 acquiescere
223 1982 274 2018 visus
287 1983 315 2018 est
328 1982 441 2028 Stephanus
455 1982 489 2018 sed
505 1982 644 2026 fraudulenter3
665 1993 708 2018 nam
724 1982 742 2018 in
760 1983 801 2029 ipsa
817 1983 877 2019 muni-

89 2042 141 2077 tione
154 2052 197 2078 cum
211 2042 287 2081 armatis
301 2042 412 2078 hominibus
425 2042 525 2086 perstabat,
539 2044 557 2078 et
570 2043 679 2078 monasterii
693 2042 781 2078 homines
794 2042 851 2078 minis
860 2045 878 2078 et

89 2101 162 2147 injuriis
181 2101 259 2138 allectos
272 2102 296 2137 ad
315 2112 400 2147 pugnam
416 2112 521 2147 provocare
540 2112 579 2137 non
592 2102 684 2138 cessabat.
704 2101 753 2137 Cum
769 2113 798 2138 res
818 2102 842 2138 ita
857 2113 877 2138 se

89 2161 172 2204 haberet,
191 2160 251 2196 abbas
270 2161 375 2196 amicorum
395 2161 476 2196 consilio
489 2161 527 2196 vim
541 2161 558 2197 ni
572 2161 662 2206 repellere
682 2161 750 2205 statuit,
764 2172 785 2197 ac
799 2163 877 2197 demum

89 2221 216 2256 munitionem
229 2221 299 2256 evert't.
313 2221 340 2256 Ea
353 2231 373 2256 re
386 2222 495 2256 commotus
508 2220 663 2266 archiepiscopus
678 2221 767 2256 abbatem
781 2223 799 2257 et
812 2232 878 2260 mona-

89 2280 136 2316 chos
150 2279 328 2324 excommunicavit,
347 2282 365 2315 et
384 2290 451 2316 eornm
464 2280 548 2316 ecclesiis
562 2280 661 2316 interdicto
675 2280 785 2326 suppositis,
799 2281 877 2320 obsides

89 2339 166 2384 insuper
185 2339 208 2374 ab
228 2339 255 2374 eis
268 2339 346 2384 accepit,
360 2339 406 2375 dum
419 2339 490 2375 scilicet
503 2339 629 2375 munitionem
642 2340 769 2376 instaurasset.
789 2341 877 2382 Querelis

90 2398 124 2434 hac
138 2399 161 2434 de
175 2409 194 2433 re
207 2398 231 2433 ad
246 2398 357 2435 Paschalem
371 2399 443 2442 delatis,
456 2398 548 2444 pontifex,
562 2409 666 2444 suppresso
686 2399 823 2445 archiepiscopi
843 2410 877 2435 no-

89 2458 140 2493 mine
149 2457 228 2503 (abierat
237 2458 287 2493 enim
298 2458 458 2504 Hierosolymam,
468 2469 507 2503 quo
517 2458 536 2493 in
545 2457 610 2493 itinere
623 2458 657 2494 tuit
666 2459 690 2494 ab
700 2469 751 2494 anno
761 2460 804 2495 1101
816 2469 877 2504 usque

89 2517 113 2552 ad
126 2517 185 2553 tinem
198 2517 242 2552 anni
257 2516 316 2561 1103),
330 2517 464 2563 Lugdunensis
478 2518 555 2563 capituli
568 2518 672 2554 canonicos
685 2517 793 2563 increpavit,
807 2519 877 2554 castelli

89 2576 237 2612 destructionem
252 2576 345 2622 probavit,
360 2577 438 2613 obsides
458 2577 557 2613 monachis
577 2577 647 2613 restitui
663 2577 717 2623 jussit
732 2579 750 2613 et
765 2577 877 2614 sententiam

90 2636 236 2672 Matisconensis
250 2635 336 2681 (Niacon)
350 2637 435 2682 episcopi
449 2637 472 2671 ad
488 2636 612 2672 concordiam
627 2637 684 2673 latam
699 2638 763 2673 tenere
776 2637 877 2683 praecepit.

137 2707 240 2752 Mabillou,
253 2708 321 2744 Annal.
335 2708 384 2745 O.S.
393 2709 463 2745 Bened.
476 2709 493 2746 V
506 2710 547 2746 462,
