1924 3132
305 169 433 205 SCRIPTORES,
447 168 557 197 [Prswtnfi
708 197 709 201 ,
800 161 820 194 2l

39 293 120 333 dicente
136 290 245 330 Domino:
263 281 353 330 «Nolite
368 290 443 330 timere
458 301 495 329 eos
510 289 545 337 qui
566 288 666 328 occidunt
683 301 769 338 corpus,
781 289 823 329 ani-

0 345 1 390 ἕ
39 369 93 398 mam
103 358 172 396 autem
182 367 225 395 non
235 358 323 405 possunt
334 355 431 395 occidere
442 372 459 394 v.
472 353 518 400 (Mt.
530 355 561 402 10,
570 353 612 400 28).
622 355 654 393 Tu
665 352 743 402 autem,
752 354 823 401 frater,

0 438 1 441 ¹
38 424 139 473 quantum
151 422 206 461 exte
221 424 259 469 est,
275 424 295 461 et
310 422 402 460 animam
418 423 438 460 et
453 432 531 469 corpus
546 420 611 459 mittis
626 420 646 458 in
662 420 793 468 gehennam
805 423 824 460 et

39 501 80 529 non
98 487 167 527 solum
186 486 233 527 illos
248 499 324 527 omnes
339 486 426 533 occidis,
443 498 497 535 quos
512 475 557 542 sine
572 484 706 534 baptismate,
725 488 760 525 aut
779 486 824 525 sine

39 553 167 605 poenitentia
185 554 204 592 et
219 553 372 593 communione
394 552 420 591 de
435 551 477 591 hoc
491 551 577 591 saeculo
599 551 655 590 exire
673 552 824 601 praecipiendo

38 620 99 665 facis;
115 630 188 657 verum
204 621 224 658 et
239 630 314 658 omnes
330 617 465 666 presbyteros
480 629 527 661 reos
543 617 617 656 mortis
632 617 717 656 illorum
731 617 823 657 efficis...

91 684 175 723 Timere
191 683 302 730 debueras,
318 696 344 723 ne
362 683 420 723 solus
442 682 483 722 hoc
505 694 586 731 ageres,
605 682 664 731 quod
679 683 749 723 nullus
764 682 825 723 Chri-

39 752 155 792 stianorum
171 761 265 798 unquam
281 749 349 788 facere
365 760 428 788 ausus
443 748 507 788 tuit...

92 814 141 861 Qua
156 815 182 854 de
198 826 227 862 re,
243 815 313 861 frater,
330 814 378 854 vide
393 826 419 853 ne
435 816 457 854 tu
472 815 500 854 sis
515 813 631 860 homicida,
648 816 668 853 et
682 815 745 854 etiam
757 814 825 855 homi·

39 882 133 922 cidarum
156 880 271 927 homicida,
297 881 346 929 quia
370 882 501 919 sacramenta
525 879 625 919 coelestia
650 878 705 927 plebi
730 879 824 919 subtrahi

39 948 97 994 lacis,
113 946 159 985 sine
174 946 251 994 quibus
266 947 336 985 vivere
351 957 394 985 non
410 947 487 994 potest,
504 956 552 984 curn
568 944 637 984 adsint
648 945 683 992 qui
702 945 776 984 eadem
794 957 825 984 sa-

39 1014 146 1053 cramenta
160 1011 216 1051 licite
231 1011 287 1060 plebi
303 1011 385 1051 valeant
400 1011 544 1050 ministrare...

92 1076 188 1125 Alligans
203 1089 240 1117 eos
256 1090 281 1117 ne
297 1076 368 1116 divina
383 1077 455 1115 munia
471 1076 556 1125 populis
571 1077 720 1124 exsequantur,
733 1088 825 1125 quorum

40 1144 124 1183 interest
134 1154 193 1182 sacra
203 1142 316 1183 Missarum
328 1142 398 1182 officia
409 1141 523 1188 celebrare,
533 1142 642 1190 mysticam
654 1140 825 1182 distributionem

39 1208 153 1258 spiritualis
168 1207 288 1255 alimoniae,
301 1208 397 1256 corporis
412 1207 491 1247 scilicet
506 1210 526 1246 et
540 1207 650 1255 sanguinis
661 1206 748 1247 Domini
760 1208 825 1247 nostri

40 1275 86 1314 lesu
96 1273 174 1313 Christi
191 1274 211 1312 in
227 1274 375 1313 remissionem
386 1275 522 1322 peccatorum
533 1272 633 1312 fidelibus
644 1272 777 1320 distribuere,
790 1285 827 1322 per

40 1340 145 1379 lavacrum
161 1340 328 1388 regenerationis
343 1334 488 1387 de'potestate
503 1338 582 1378 diaboli
598 1339 619 1377 in
635 1338 732 1387 Regnum
748 1338 826 1379 Christi

40 1417 83 1445 non
98 1405 217 1454 baptizatos
231 1405 354 1452 transferre;
374 1416 411 1453 per
426 1405 509 1443 ianuam
530 1404 708 1444 reconciliationis
723 1407 743 1444 et
757 1405 826 1444 viatici

41 1471 134 1510 muneris
151 1471 340 1511 sanctificationem
359 1471 441 1510 animas
459 1469 484 1509 ab
503 1472 589 1509 aeterno
609 1470 693 1509 interitu
711 1469 826 1521 liberare...

94 1537 149 1576 Nam
164 1537 180 1576 si
196 1538 216 1576 te
232 1538 361 1585 provocante
376 1535 456 1585 aliquid
475 1535 512 1575 tibi
535 1535 617 1575 adversi
640 1535 724 1583 accidit,
748 1536 827 1584 patien-

41 1606 71 1642 ter
85 1602 139 1641 ferre
162 1601 273 1649 debueras,
297 1614 364 1650 usque
382 1601 433 1641 dum
455 1612 497 1649 ego
519 1600 681 1649 qualiscumque
703 1601 827 1650 metropoli-

41 1670 101 1707 tanus
116 1669 164 1707 tuus
179 1678 227 1707 cunr
239 1668 374 1716 coepiscopis
384 1669 404 1706 et
415 1666 557 1706 confratribus
570 1666 648 1706 nostris
664 1665 745 1706 domini
761 1667 827 1707 nostri

41 1733 96 1782 regis
107 1732 240 1773 clementiam
257 1745 295 1782 pro
306 1735 326 1772 te
337 1732 417 1772 adirem
427 1746 432 1779 ;
448 1734 468 1772 et
478 1732 532 1771 sicut
543 1732 584 1771 iarn
595 1731 692 1780 fecimus,
705 1732 763 1781 quod
775 1733 828 1772 iuste

41 1800 61 1838 ei
75 1797 228 1838 rationabiliter
242 1798 268 1838 ab
284 1810 309 1838 eo
325 1798 490 1847 postularemus,
506 1798 580 1846 utique
595 1797 748 1838 obtineremus.
765 1797 829 1838 Unde

41 1862 92 1902 nihil
115 1862 237 1904 dubitamus
259 1864 309 1913 quin
332 1863 427 1903 Domino
449 1865 578 1912 cooperante
601 1862 746 1903 obtinebimus
770 1863 829 1912 quod

43 1928 95 1968 inste
117 1931 137 1968 et
158 1929 310 1969 rationabiliter
325 1927 488 1978 postulabimus,
512 1930 593 1968 tantum
616 1930 638 1968 ut
660 1932 695 1969 tua
717 1929 829 1969 insolentia

42 1994 119 2034 nostris
134 1994 272 2043 petitionibus
288 2006 331 2034 non
347 1993 461 2034 obsistat...

95 2060 120 2099 Et
134 2060 159 2106 si,
176 2060 234 2108 quod
250 2059 311 2107 absit,
327 2059 360 2099 his
375 2060 440 2099 sacris
454 2071 478 2099 ac
494 2058 626 2108 regularibus
642 2060 729 2100 monitis
741 2059 829 2100 obedire

43 2125 143 2174 renueris,
159 2125 212 2165 scito
228 2125 392 2174 metropolitana
407 2125 531 2165 auctoritate
546 2125 598 2164 fulta
613 2124 753 2174 apostoncae
764 2125 828 2172 sedis,

42 2192 62 2229 et
76 2202 175 2231 canonun
190 2202 299 2231 sacrorum
315 2190 402 2237 iudicio,
426 2190 479 2231 sicut
502 2191 658 2239 praemisimus,
674 2190 729 2231 hanc
746 2191 830 2240 pestife-

43 2267 86 2295 ram
102 2259 165 2305 atque
180 2257 310 2296 mortiferam
331 2257 575 2296 excommunicationem
595 2259 655 2303 ,tuam
677 2257 829 2297 solvendam...

90 2330 152 2366 nansi
166 2331 208 2367 >rvr
222 2333 266 2376 8133
281 2331 311 2367 rr
326 2331 366 2375 126,
380 2330 420 2366 sm.

96 2452 114 2480 c.
130 2460 156 2465 —
171 2441 202 2480 Ex
216 2453 248 2490 ep.
264 2441 350 2481 Hincm.
366 2440 425 2486 Rern.
441 2440 470 2479 ad
483 2440 513 2480 Η.
529 2440 596 2480 Laud.
615 2437 657 2489 (ep.
673 2438 721 2489 Ill).

97 2524 225 2565 tlincmarus
250 2525 366 2567 Remorum
388 2524 510 2573 episcopus,
535 2524 612 2571 dilecto
630 2524 687 2564 fratri
714 2525 831 2565 flincrnaro

45 2588 177 2629 laudunensi
193 2591 324 2640 coepiscopo
340 2592 421 2636 nostro,
438 2589 536 2629 salutem.

97 2654 151 2695 Ante
172 2667 215 2696 non
237 2656 327 2705 longum
349 2658 435 2704 tempus
457 2655 631 2696 inconvenientes
655 2658 718 2704 atque
743 2656 833 2695 inlicitas

45 2721 276 2762 excommunicationes
291 2723 312 2761 in
327 2733 364 2761 eos
379 2721 442 2761 etiam
458 2721 493 2769 qui
509 2721 536 2761 ad
550 2724 571 2761 te
585 2733 628 2761 non
651 2721 784 2770 pertinebant
806 2721 833 2761 ita
