1924 3132
222 705 237 756 l.
259 734 292 738 -
312 701 492 770 Scriptores,
514 701 668 770 Epistolae

435 940 456 981 1.

106 1063 124 1091 c.
141 1051 187 1091 570.
205 1050 321 1100 Gregorius
339 1048 489 1091 Tiuraueusisl.
505 1050 564 1090 Hist.
580 1051 716 1090 Francorum.

106 1140 128 1179 L.
144 1139 163 1179 V
177 1152 195 1179 c.
207 1141 240 1179 32.
256 1139 319 1188 Apud
331 1139 423 1180 Parisios
433 1142 503 1179 autem
516 1140 591 1180 mulier
602 1139 707 1188 quaedam
718 1140 759 1179 ruit
770 1140 789 1178 in
801 1140 839 1179 cri-

53 1205 117 1252 mine,
133 1203 276 1244 asserentibus
286 1204 365 1251 mulus,
377 1206 436 1253 quasi
447 1205 514 1253 quod,
526 1205 599 1245 relicto
610 1205 663 1252 viro,
679 1216 728 1244 cum
744 1205 786 1244 alio
802 1205 839 1244 mi·

52 1272 152 1310 sceretur.
169 1269 235 1319 igitur
250 1272 347 1319 parentes
362 1270 417 1310 illius
427 1272 565 1313 ,accesserunt
583 1270 609 1310 ad
625 1273 713 1319 patrem,
730 1270 838 1309 dicentes:

52 1334 94 1374 Aut
109 1335 208 1375 idoneam
223 1335 289 1375 redde
303 1334 369 1375 liliam
380 1337 445 1382 tuam,
458 1337 493 1375 aut
507 1338 563 1375 certe
574 1336 683 1382 moriatur,
700 1347 726 1374 ne
741 1338 838 1384 stuprum

53 1400 94 1439 hoc
109 1401 180 1449 generi
196 1402 270 1440 nostro
285 1402 357 1440 notam
374 1400 463 1450 infligat.
479 1401 535 1441 Novi
551 1401 619 1450 inquit
634 1403 700 1449 pater,
717 1412 758 1450 ego
773 1400 839 1440 liliam

53 1476 122 1505 meam
140 1464 194 1505 bene
212 1465 326 1512 idoneam;
349 1478 387 1505 nec
405 1469 436 1506 cst
453 1477 525 1505 verum
544 1466 632 1505 verbum
651 1465 699 1512 boc,
716 1465 774 1514 quod
790 1465 839 1505 mali

53 1529 151 1570 homines
166 1530 330 1579 proloquuntur.
346 1531 426 1570 Tamen
437 1543 463 1570 ne
474 1532 554 1570 crimen
569 1533 684 1580 consurgat
699 1530 793 1577 ulterius,
810 1531 840 1570 in·

53 1598 165 1636 nocentem
181 1607 227 1635 earn
242 1595 318 1636 iactam
336 1599 476 1636 sacramento.
494 1597 518 1636 Et
533 1596 572 1648 illi:
589 1595 618 1643 Si,
638 1597 743 1645 inquiunt,
762 1598 793 1635 est
810 1597 840 1635 in·

53 1662 123 1708 noxia,
148 1672 212 1710 super
226 1661 332 1700 tumulum
343 1661 384 1701 hoc
398 1660 454 1701 beati
470 1661 566 1710 Dionysii
583 1663 679 1710 martyris
701 1662 839 1701 sacramentis

53 1725 143 1766 aliirma.
162 1726 254 1773 Faciam,
273 1727 341 1775 inquit
358 1729 423 1776 pater.
442 1727 502 1767 Tunc
520 1728 572 1766 inito
590 1727 667 1776 placito
687 1727 714 1766 ad
731 1726 840 1767 basilicam

48 1792 149 1843 martyris
159 1792 225 1831 sancti
236 1792 373 1839 conveniunt,
384 1791 513 1840 elevatisque
529 1794 589 1841 pater
603 1792 702 1832 manibus
716 1803 781 1841 super
790 1791 840 1831 alta·

53 1855 115 1903 riuui,
131 1855 207 1903 iuravit
221 1856 287 1896 tiliam
303 1868 345 1896 non
357 1868 403 1896 esse
413 1857 549 1906 culpabilem.
566 1857 697 1897 Econtrario
712 1869 763 1897 vero
772 1858 840 1906 periu-

54 1932 110 1961 rasse
127 1932 184 1968 eum,
200 1921 233 1961 alii
250 1934 261 1961 a
276 1924 335 1971 parte
349 1922 387 1961 viri
406 1923 550 1970 pronuntiant.
567 1922 606 1962 His
615 1934 667 1971 ergo
682 1921 839 1968 altercantibus,

54 1986 170 2035 evaginatis
184 1986 260 2035 gladiis
271 1988 291 2026 in
302 1998 324 2026 se
340 1988 430 2026 invicem
446 1990 550 2035 proruunt
564 1991 627 2036 atque
643 1990 691 2027 ante
706 1988 776 2036 ipsum
792 1987 841 2027 alta-

54 2051 108 2091 rium
120 2063 142 2091 se
152 2051 290 2092 trucidantur.
303 2052 366 2092 Erant
376 2052 432 2092 enim
444 2052 535 2092 maiores
546 2055 596 2092 natu
607 2054 627 2092 et
643 2051 704 2101 primi
716 2052 773 2102 apud
784 2051 841 2102 Chil-

54 2117 148 2164 pericum
173 2128 253 2165 regem.
279 2116 484 2157 Saucianturmulti
509 2117 592 2166 gladiis,
619 2118 749 2167 respergitur
769 2120 841 2157 sancta

54 2181 148 2222 humano
163 2194 238 2222 cruore
253 2182 346 2230 basilica,
359 2183 412 2223 ostia
428 2182 501 2223 iaculis
515 2182 626 2223 fodiuntur
636 2185 657 2223 et
667 2182 761 2230 ensibus,
778 2184 841 2232 atque

54 2246 163 2295 usquead
181 2248 250 2297 ipsum
268 2247 389 2297 sepulcrum
407 2248 448 2288 tela
466 2248 538 2297 iniqua
555 2248 686 2288 desaeviunt.
706 2247 772 2294 Quod
790 2247 841 2288 dum

54 2312 88 2351 vix
98 2313 213 2361 mitigatur,
225 2313 285 2353 locus
295 2312 391 2353 otlicium
403 2313 501 2362 perdidit,
518 2313 587 2353 donec
603 2314 641 2353 ista
654 2314 727 2353 omnia
742 2313 768 2353 ad
786 2314 842 2363 regis

54 2378 150 2417 notitiam
167 2378 307 2426 pervenirent.
324 2378 356 2427 Hi
367 2390 417 2419 vero
433 2381 572 2428 properantes
587 2379 613 2419 ad
630 2380 770 2428 praesentiam
786 2379 842 2427 prin-

54 2443 114 2491 cipis,
131 2455 174 2483 non
189 2443 319 2492 recipiuntur
334 2445 354 2484 in
370 2445 447 2493 gratia,
463 2444 501 2484 sed
516 2444 573 2484 etad
589 2445 714 2494 episcopum
730 2445 771 2484 loci
787 2443 842 2484 illius

55 2509 145 2556 remissi,
161 2509 241 2549 iussum
257 2511 295 2556 est,
312 2511 341 2557 ut,
360 2510 376 2550 si
395 2509 421 2562 de
439 2509 480 2550 hoc
497 2510 580 2550 lacinus
595 2509 712 2558 culpabiles
727 2521 770 2550 non
786 2510 842 2549 inve-

30 2631 31 2634 *
109 2648 156 2685 ¹Ci.
177 2649 201 2686 0.
216 2648 325 2693 Schuaerer,
343 2649 428 2686 Lexikon
447 2649 459 2685 i.
478 2649 585 2695 Theologie
605 2660 623 2685 u.
636 2649 658 2688 K.
671 2650 697 2686 lV
716 2648 779 2694 (1932)
798 2649 842 2693 684;

57 2707 185 2754 Walteuhnclu
193 2708 335 2745 Deutschlands
345 2708 551 2755 Geschichtsquellenl
561 2707 623 2754 (1904)
634 2710 673 2754 loa
682 2709 795 2745 Manitiusl
803 2709 843 2745 210.
861 2764 862 2768 Ἰ
