1924 3132
313 164 405 194 offerrem
419 164 549 192 sxnooonun
600 161 601 164 ’
802 156 825 192 69

0 324 11 342 a·
86 285 137 322 Nota
150 282 174 318 ad
188 282 254 318 verba:
268 283 307 317 tota
319 292 367 327 gens
381 281 488 327 Anglorum
505 291 569 317 sacrae
585 280 703 326 baptismatis
721 280 825 317 ministerio

42 347 109 396 privata
125 344 157 379 est.
667 341 669 343 ’
779 386 781 388 ¹

3 409 4 414 ’
86 402 155 446 Quoad
171 400 308 446 genuinitatem
316 401 379 436 textus
393 411 404 435 a
416 400 484 435 criticis
493 400 593 445 hucusque
603 399 661 436 dubia
671 410 710 435 non
720 400 825 435 moventur.
839 432 840 435 ,

42 464 101 510 Aliqui
115 462 202 497 auctores
223 461 295 495 textum
309 459 333 495 de
350 459 450 495 interdicto
463 470 474 495 a
487 458 588 495 Wultredo
609 459 647 494 lato
669 458 770 503 declarant,
784 469 826 504 ug.

0 555 2 560 ,
42 522 146 566 filiberte.
161 531 178 565 p.
193 520 224 563 13;
237 519 268 554 alii
281 518 368 554 dubitant
381 520 399 554 et
412 520 510 564 quaerunt,
524 529 547 553 an
560 518 609 554 iorte
626 518 657 553 illa
676 519 736 553 aetate
755 518 826 553 solum-

0 587 8 635 3
43 583 98 621 :nodo
111 580 213 626 episcopus
227 579 366 614 sacramentum
380 578 498 623 baptismatis
511 577 674 621 administraverit,
688 577 714 613 sic
725 576 794 621 Hefele
803 577 827 613 lV
853 579 855 581 '

42 644 68 681 30.
82 641 133 677 llaec
147 638 212 676 ultima
225 637 312 684 quaestio
325 637 379 673 iacile
392 637 440 673 solvi
462 638 530 682 potest,
552 637 597 683 quia
618 636 699 682 plurima
718 636 827 672 testimonia

42 701 120 748 probant
133 698 168 734 illis
181 697 300 743 temporibus
314 697 369 733 etiam
383 697 402 732 in
417 688 512 733 Britannia
527 699 600 742 praeter
615 696 728 741 episcopum
748 695 828 741 presby-

42 766 89 797 teros
102 768 181 804 quoque
194 758 212 793 et
224 757 317 792 diaconos
331 756 442 800 baptizasse.
457 755 527 802 Aliqua
540 755 648 791 referimus:

88 853 109 888 Α.
122 872 129 877 -
143 851 171 886 Ex
184 850 258 895 scriptis
286 830 329 886 Van.¹
343 850 407 885 Bedae
419 848 459 894 (ob.
473 849 526 893 735lz

0 957 5 971 ,ζ
89 925 103 958 l.
117 943 139 948 —
152 933 168 957 a.
181 922 222 957 633.
235 920 323 956 Historia
342 921 383 956 eccl.
398 920 459 956 1120:
481 920 590 965 Reliquerat
602 921 666 955 autem
690 918 794 964 [Paulinus]
809 919 827 954 in
854 907 856 910 ⁸

43 982 119 1020 ecclesia
128 992 162 1017 sua
176 980 291 1016 Eburacensi
305 978 372 1025 (Yorlr)
386 979 477 1015 lacobum
490 979 599 1023 diaconum,
613 979 674 1014 virum
688 978 753 1024 utique
768 979 828 1014 eccle-

43 1042 136 1079 siasticum
149 1042 167 1076 et
180 1042 272 1083 sanctum,
289 1039 322 1085 qui
344 1039 404 1074 multo
426 1038 495 1074 exhinc
516 1039 602 1083 tempore
616 1038 634 1073 in
649 1038 728 1073 ecclesia
748 1048 828 1073 manens

0 1102 7 1149 3
44 1111 120 1147 magnas
133 1100 212 1144 antiquo
234 1098 283 1138 hosti
304 1099 384 1144 praedas
406 1098 495 1133 docendo
509 1100 526 1133 et
540 1097 654 1143 baptizando
676 1097 753 1141 eripuit3
775 1097 829 1142 cujus

44 1161 118 1198 nomine
131 1159 189 1204 vicus,
202 1159 221 1206 in
235 1169 274 1204 quo
288 1158 371 1193 maxime
384 1157 458 1193 solebat
471 1156 561 1201 habitare,
570 1156 623 1202 juxta
632 1156 756 1201 Cataractam,
766 1167 828 1202 usque

46 1220 101 1256 bodie
114 1218 267 1264 cognominatur.

90 1291 119 1326 PL
134 1291 172 1334 105,
188 1289 230 1333 llo}
244 1288 418 1325 Hadaran-stabas
432 1289 455 1324 lll
469 1289 498 1324 88.

0 1420 5 1428 ,
89 1386 168 1420 2.-a.
182 1383 222 1419 653.
243 1382 295 1419 Hist.
316 1383 358 1418 eccl.
380 1383 404 1418 lll
418 1384 451 1418 22:
465 1382 503 1419 Ubi
525 1393 568 1418 cnm
590 1369 655 1418 omnia
676 1382 831 1427 perambulantes

48 1444 123 1479 multam
137 1442 223 1479 Domino
240 1442 339 1478 ecclesiam
361 1443 516 1487 congregassent,
538 1441 617 1487 contigit
638 1441 723 1487 quodam
744 1442 831 1486 tempore

46 1503 126 1538 cundem
136 1502 191 1538 Cedd
199 1501 259 1537 redire
266 1501 352 1545 domum,
362 1512 384 1537 ac
393 1501 491 1546 pervenire
498 1501 521 1536 ad
530 1501 628 1537 ecelesiam
639 1500 831 1544 lindisfaronensem,

45 1564 120 1607 propter
140 1561 265 1607 conloquium
288 1561 352 1596 finani
374 1561 471 1606 episcopi;
493 1561 525 1606 qui
547 1561 580 1596 ubi
597 1561 730 1606 prosperatum
752 1560 768 1595 ei
782 1570 832 1605 opus

45 1621 135 1666 euangelii
148 1620 246 1666 comperit,
259 1620 302 1656 iecit
315 1631 359 1656 eum
372 1620 485 1666 episcopum
498 1620 517 1655 in
537 1621 613 1665 gentem
633 1619 753 1655 orientalium
773 1619 832 1655 Saxo-

45 1691 95 1724 num,
108 1680 179 1716 vocatis
192 1680 216 1720 ad
228 1690 249 1715 se
261 1679 281 1715 in
295 1679 419 1715 ministerium
433 1679 558 1715 ordinationis
571 1679 612 1715 aliis
634 1679 711 1715 duobus
730 1678 832 1724 episcopis.

46 1739 88 1783 Qui,
101 1741 179 1785 accepto
192 1739 252 1785 gradu
266 1739 392 1784 episcopatus,
406 1738 497 1775 rediitad
511 1738 634 1784 provinciam,
652 1740 670 1774 et
683 1737 756 1783 majore
769 1739 833 1773 aucto·

46 1799 96 1834 ritate
103 1801 192 1844 coeptum
200 1809 249 1844 opus
257 1798 336 1844 explens
343 1798 387 1834 iecit
393 1809 427 1843 per
434 1798 476 1834 loca
483 1798 578 1842 ecclesias,
586 1797 708 1844 presbyteros
715 1799 733 1833 et
740 1797 833 1833 diaconos

46 1858 142 1901 ordinavit,
152 1858 184 1904 qui
194 1858 242 1896 sein
252 1858 310 1894 verbo
318 1858 362 1894 iidei
370 1859 388 1894 et
396 1858 500 1894 ministerio
508 1857 615 1903 baptizandi
625 1857 741 1903 adjuvarent,
751 1857 834 1893 maxime

46 1917 63 1952 in
77 1918 154 1963 civitate,
168 1929 217 1963 quae
230 1918 295 1963 lingua
308 1918 408 1954 Saxonum
420 1917 538 1953 Ytancaestir
553 1916 587 1962 (St.
605 1916 675 1953 Peter's
690 1927 716 1952 on
730 1916 763 1953 the
776 1915 834 1960 Wall)

0 1976 3 2010 ἓ
47 1977 154 2022 appellatur.
211 2007 213 2009 ,
295 1976 298 1981 ’

93 2049 123 2085 PL
135 2050 164 2094 95,
179 2050 222 2093 152;
235 2048 401 2085 Hadaran-stubbs
415 2049 438 2084 lll
452 2049 480 2085 95.

0 2177 3 2182 .
93 2143 109 2178 3.
123 2165 145 2169 -
158 2154 174 2179 a.
188 2144 228 2181 734.
242 2143 270 2178 lix
284 2143 305 2178 ll.
319 2153 348 2188 ep.
362 2143 383 2179 V,
398 2142 461 2178 Bedae
474 2142 498 2178 ad
512 2142 616 2188 ligbertum
634 2142 776 2180 Eboracensem
796 2141 835 2187 epi-

0 2223 2 2254 ζ
47 2211 135 2247 scopum:
150 2203 172 2238 Et
185 2202 230 2248 quia
242 2202 308 2238 latiora
321 2204 365 2237 sunt
378 2202 438 2248 spatia
451 2202 543 2246 locorum,
557 2212 606 2247 quae
620 2201 643 2237 ad
653 2201 782 2247 gubernacula
791 2202 835 2237 tuae

0 2279 1 2282 =
48 2259 138 2297 dioecesis
151 2262 250 2307 pertinent,
263 2272 321 2307 quam
335 2264 355 2298 ut
367 2262 420 2297 solus
433 2272 467 2307 per
479 2261 544 2297 omnia
561 2260 672 2305 discurrere,
686 2260 736 2296 etin
755 2260 836 2306 singulis

48 2320 111 2356 viculis
124 2323 181 2367 atque
194 2321 259 2367 agellis
272 2321 352 2357 verbum
365 2321 401 2357 Dei
415 2321 531 2367 praedicare,
543 2321 600 2357 etiam
613 2321 657 2356 anni
677 2321 735 2356 totius
757 2331 836 2356 emenso

48 2380 145 2426 curriculo,
167 2381 256 2426 suiiicias,
278 2382 405 2417 necessarium
427 2381 471 2417 satis
484 2382 518 2425 est,
540 2382 560 2416 ut
572 2381 636 2426 plures
656 2380 690 2417 tibi
711 2380 759 2416 sacri
773 2380 837 2426 operis

48 2439 143 2476 adiutores
156 2441 256 2486 adsciscas,
270 2441 391 2487 presbyteros
404 2441 491 2477 videlicet
510 2440 624 2485 ordinando,
644 2441 701 2486 atque
719 2439 837 2476 instituendo

49 2498 141 2545 doctores,
154 2501 187 2546 qui
200 2501 219 2537 in
233 2501 313 2547 singulis
326 2500 392 2537 viculis
406 2500 535 2546 praedicando
549 2499 585 2535 Dei
598 2500 663 2544 verbo,
677 2502 694 2536 et
701 2499 837 2535 consecrandis

49 2560 139 2603 mysteriis
153 2561 273 2605 coelestibus,
287 2572 308 2596 ac
322 2560 405 2596 maxime
424 2559 539 2606 peragendis
559 2560 606 2595 sacri
626 2559 743 2605 baptismatis
763 2558 837 2603 officiis,

50 2617 81 2655 ubi
94 2613 227 2666 opportunitas
240 2620 442 2666 ingruerit-insistant.

97 2691 126 2727 Pl.
139 2693 167 2737 94,
181 2692 225 2736 659;
239 2690 408 2728 Hadrian-stubbs
424 2692 447 2727 lll
461 2691 502 2728 316.
