1975 3157
151 172 173 207 58
419 170 548 215 scnrrron'rs,
562 178 672 207 errsrocnr.

152 298 292 347 pulsantibus,
309 298 354 346 ejus
369 298 527 339 misericordiae
540 298 603 346 janua
619 301 682 348 patet.
698 299 753 338 Nam
770 300 817 348 quis
832 311 857 339 ex
872 298 939 338 diviti·

151 364 191 404 bus
207 367 279 405 contra
295 364 429 404 interdictum
445 367 537 404 vestrum
556 364 599 404 vult
616 364 708 413 sepeliri,
727 367 747 404 et
765 376 807 405 non
824 365 940 413 sepelitur?
971 360 987 418 j'g

151 429 283 479 Pauperibus
301 433 379 476 autem,
395 431 431 478 qui
449 430 533 479 culpam
551 441 594 469 non
613 429 698 476 liabent,
717 430 824 479 sepultura
842 432 937 479 negatur.

151 495 276 536 Potentibus
287 496 410 545 aperiuntur
420 495 536 536 Ecclesiae:
553 496 681 544 impotentes
692 507 730 545 per
744 507 799 544 quos
814 495 873 544 quod
885 495 939 536 male
972 499 987 549 32}

151 564 221 601 actum
238 563 277 613 est,
293 561 370 610 corrigi
389 573 432 601 non
451 563 528 610 potest,
545 560 571 601 ab
587 561 686 601 Ecclesiis
703 561 850 601 excluduntur.
862 560 939 602 Sancto

152 627 269 675 Evangelio·
282 629 334 666 teste
350 627 500 675 cognovimus,
512 629 532 666 et
543 626 663 666 nullatenus
678 626 807 674 dubitamus,
822 626 939 676 benignum

151 692 219 732 lesum
236 692 353 732 Dominum
372 694 467 732 nostrum
486 691 510 731 B
523 691 585 732 Petro
603 703 657 741 quae
676 692 761 741 liganda
776 694 835 732 erant
827 691 938 741 tligandi,

150 760 239 817 etquae
254 757 356 797 solvenda
367 756 463 797 solvendi
480 759 605 807 potestatem
617 757 737 798 tradidisse
748 756 790 798 Sed
806 758 865 798 aliter
875 769 938 806 quam

151 823 257 863 Dominus
275 822 340 870 dedit,
356 823 428 863 velB.
448 823 522 862 Petrus
539 823 566 862 ab
584 822 620 862 illo
639 825 750 872 acceperit
767 823 879 863 indiscrete
859 823 939 872 tglo

152 889 220 928 riosus
240 891 308 929 vester
327 887 462 935 Archilevita
477 889 545 937 quasi
569 888 673 937 propbeta
695 889 775 929 docens
796 889 938 936 mendacium
977 882 987 943 [ἐξ

151 954 253 994 solvenda
270 954 328 1003 ligat,
348 956 368 993 et
385 953 448 993 solvit
467 954 560 1003 liganda.
580 953 692 994 Providete
708 955 786 1003 itaque,
805 953 941 994 dilectissime

151 1022 217 1067 pater,
229 1031 255 1059 ne
265 1019 343 1066 iustitia
354 1021 429 1066 v'estra,
442 1031 496 1068 quae
511 1032 536 1059 ex
551 1019 629 1068 parte
624 1030 665 1066 Jam
678 1020 746 1067 perire
760 1020 838 1068 coepit,
850 1019 939 1059 omnino
978 1021 987 1076 l

75 1080 77 1082 ’
140 1088 232 1133 pereat:
255 1084 349 1134 etquod
364 1085 465 1125 veraciter
482 1084 543 1125 vobis
562 1084 695 1133 mandamus,
715 1085 777 1125 nobis
795 1097 838 1125 non
856 1087 938 1125 noceat.

198 1160 210 1194 l.
224 1159 345 1195 Sirmondil.
358 1170 374 1195 c
387 1161 422 1195 458
435 1161 501 1205 epil
491 1159 556 1202 nrt
570 1161 609 1204 157,
624 1161 652 1195 85.

530 1295 568 1338 55.

206 1391 264 1430 1100.
280 1390 395 1430 Marrasses
410 1390 520 1439 episeopus
532 1389 691 1430 Cameracensis
699 1386 821 1437 (Carnbrni)
831 1390 940 1430 camaena

150 1454 294 1495 Atrebatensi.
313 1456 375 1495 Terra
389 1456 510 1495 comitissae
526 1456 647 1495 Montensis
661 1455 806 1495 interdicenda
820 1457 858 1495 est.

204 1537 299 1578 Domino
307 1550 347 1578 suo
356 1538 476 1585 Lamberto,
487 1538 620 1587 providentia
630 1538 668 1578 Dei
678 1537 850 1578 Atrebatensium
860 1536 939 1584 (Arrasl
984 1559 987 1586 r

150 1604 261 1653 episcopo,
273 1604 389 1651 Manasses,
402 1603 497 1651 ejusdem
510 1603 656 1644 misericordia
668 1602 854 1644 Cameracensium
869 1606 941 1653 pastor

151 1669 258 1718 indignus,
277 1669 405 1709 salutemet
424 1669 541 1709 servitium.
560 1668 580 1708 Si
600 1668 664 1708 irater
683 1669 769 1708 tratrem
787 1668 886 1717 adjuvare
905 1681 941 1708 vo·
987 1676 988 1694 ³

150 1733 218 1781 luerit,
237 1734 350 1775 amborum
368 1734 487 1775 consolatio
506 1733 687 1783 multiplicabitur.
704 1733 852 1775 Consolamini
869 1735 939 1783 igitur,

150 1800 290 1840 consolamini
302 1812 343 1847 me,
356 1803 415 1849 pater
425 1801 548 1847 reverende;
560 1812 601 1848 me,
613 1801 707 1849 inquam,
718 1799 867 1846 consolamini,
876 1811 940 1848 quem

150 1864 337 1906 Cameracensium
353 1865 465 1905 maledicta
480 1866 595 1914 progenies
610 1858 652 1905 tam
669 1865 805 1914 impudenter
823 1865 940 1913 tradiderit,

150 1943 213 1979 quam
229 1932 274 1970 sine
289 1931 358 1979 culpa,
375 1932 420 1970 sine
430 1931 514 1977 merito,
527 1930 642 1971 Comitissa
654 1931 773 1971 Montensis
784 1931 881 1980 persequi
898 1942 940 1971 non

150 1996 238 2036 desistit.
254 1997 333 2045 ltaque,
348 2008 395 2036 cum
408 1996 466 2036 Deus
477 1996 609 2045 spiritualem
622 1996 717 2045 gladium
729 1996 791 2036 nobis
802 1996 941 2036 solummodo

150 2061 265 2110 reliquerit,
286 2061 334 2102 illos
353 2061 455 2110 spirituali
476 2061 549 2110 gladio
570 2063 691 2110 puniamus,
714 2073 806 2111 quorum
829 2062 942 2102 marinosis

151 2126 235 2176 impulsi
251 2127 413 2176 tempestatibus
423 2139 492 2176 neque
503 2127 537 2166 die
548 2138 618 2176 neque
629 2127 681 2167 hora
692 2127 802 2176 quiescere
818 2138 940 2176 possumus.

150 2192 205 2233 Cum
225 2193 289 2241 igitur
306 2192 361 2233 dicat
379 2192 503 2241 Apostolus,
525 2191 583 2232 Alter
601 2193 686 2233 alterius
704 2204 769 2232 onera
790 2195 872 2241 portate
892 2195 940 2240 etc,

151 2261 209 2306 pater
228 2258 367 2305 sanctissime,
390 2260 472 2307 portate
493 2270 548 2298 onus
568 2251 648 2305 meum,
669 2257 788 2298 interdicite
808 2270 845 2306 per
864 2260 941 2298 terram

150 2323 270 2372 praedictae
284 2323 413 2364 Comitissae
428 2323 524 2363 divinum
540 2323 649 2363 otiicium:
668 2335 723 2372 quae
739 2328 808 2372 neque
825 2323 894 2363 Deum
910 2323 941 2363 oi-

149 2388 243 2435 iendere,
262 2400 331 2438 neque
350 2389 468 2431 Romanam
486 2388 567 2434 sedem,
586 2400 656 2437 neque
676 2389 802 2431 Remensem
821 2390 940 2436 ecclesiam,

150 2466 219 2503 neque
239 2454 404 2503 pastoralitatem
425 2457 516 2494 vestram
536 2454 641 2494 erubescit
661 2453 799 2494 dedecorare.
824 2454 887 2495 Unde
908 2466 941 2494 me

150 2532 198 2559 cum
214 2520 315 2560 omnibus
330 2520 383 2560 meis
398 2520 508 2559 benevolis
529 2523 643 2568 perpetuae
658 2520 752 2560 servituti
770 2520 867 2568 poteritis
887 2520 941 2560 redi-

150 2597 207 2633 gere.
224 2585 304 2632 Valete,
320 2585 435 2633 altariaque
450 2585 683 2625 excommunicatorum
696 2597 793 2625 meorum
805 2585 831 2625 ab
843 2585 940 2634 ipsorum

151 2650 268 2690 immundis
284 2650 383 2690 manibus
398 2651 480 2699 eripite.
497 2650 577 2691 Valete.

200 2725 289 2771 Bouqnet
302 2725 337 2762 XV
352 2725 390 2761 190.
