1924 3132
321 169 414 198 DECRETA
428 169 559 199 stODORtJm
812 163 835 197 75

63 293 120 333 ontra
135 289 173 328 ista
188 288 214 327 sit
229 287 351 336 agendum?
365 288 468 328 Dixerunt
483 289 589 337 episcopi:
607 289 653 344 Hac
668 289 688 328 in
704 301 725 328 re
735 289 833 338 petimus,

1 405 11 409 ‚
62 355 162 400 arissime,
179 353 224 402 ipse
239 352 286 392 date
302 353 430 393 consultum.

4 461 5 465 ,
101 418 186 467 Quibus
201 418 245 458 ille:
262 419 307 458 Nisi
323 419 349 459 de
361 431 412 468 pace
423 420 573 469 acquieverint,
586 420 649 469 ligate
660 432 747 461 omnem
758 423 835 460 terram

52 485 220 529 Lemovicensem
244 483 328 532 publica
349 485 580 525 excommunicatione:
596 497 622 525 eo
644 485 742 526 videlicet
760 485 834 531 modo,

51 557 71 593 ut
85 561 148 590 nemo
164 549 202 588 nisi
219 549 307 589 clericus
321 552 357 589 aut
372 562 452 599 pauper
463 550 586 590 mendicans
595 554 630 590 aut
641 552 765 600 peregrinus
774 551 836 590 adve-

52 619 108 658 niens
123 617 158 655 aut
173 614 241 654 infans
256 627 267 654 a
282 614 371 662 bimatu,
383 618 403 655 et
414 615 474 663 intra,
484 616 504 655 in
513 618 559 656 toto
568 617 704 656 Lemovicino
713 617 834 665 sepeliatur,

102 682 122 720 in
138 680 202 719 alium
220 680 367 729 episcopatum
389 680 416 720 ad
437 681 584 729 sepeliendum
607 684 709 730 portetur.
734 681 835 721 Divinum

65 747 143 787 ilicium
160 757 197 794 per
211 757 287 785 omnes
301 746 401 786 ecclesias
415 746 503 786 latenter
524 749 598 795 agatur
620 750 640 787 et
661 746 779 796 baptismus
801 759 836 795 pe-

71 811 140 852 ntibus
155 810 265 851 tribuatur.
282 810 344 851 Circa
358 810 433 851 horam
448 812 530 851 tertiam
545 813 606 861 signa
623 815 700 852 sonent
711 813 731 852 in
743 812 837 852 ecclesiis

65 876 149 917 mnibus
163 878 183 915 et
198 887 273 916 omnes
288 877 349 925 proni
366 877 386 916 in
401 877 476 916 taciem
500 889 573 925 preces
595 890 633 926 pro
655 877 799 924 tribulatione,
816 879 836 916 et

52 955 100 993 pace
114 941 211 981 tundant.
228 941 360 981 Poenitentia
374 943 508 982 etviaticum
524 943 544 982 in
560 944 615 983 exitu
634 944 709 983 mortis
724 942 835 982 tribuatur.

0 1055 6 1066 ,Ἰ
69 1008 126 1048 ltaria
141 1018 179 1055 per
200 1019 275 1047 omnes
299 1007 405 1055 ecclesias,
430 1008 484 1047 sicut
499 1009 519 1047 in
535 1020 654 1057 parasceve,
681 1008 793 1055 nudentur,
818 1010 837 1047 et

51 1084 121 1113 cruces
136 1074 156 1112 et
171 1075 294 1112 ornamenta
313 1072 477 1120 abscondantur,
498 1074 548 1122 quia
569 1074 654 1122 signum
677 1074 746 1113 luctus
768 1076 788 1113 et
803 1073 837 1113 tri-

0 1133 8 1155 “
51 1139 116 1179 stitiae
131 1137 231 1177 omnibus
246 1140 284 1178 est.
300 1137 333 1178 Ad
349 1139 424 1178 missas
438 1140 528 1186 tantum,
544 1151 597 1187 quas
612 1140 758 1188 unusquisque
769 1150 836 1179 sacer·
890 1180 892 1182 ,

51 1206 123 1244 dotum
138 1204 207 1251 januis
221 1204 357 1244 ecclesiarum
373 1203 476 1244 obseratis
492 1204 572 1251 fecerit,
591 1205 662 1244 altaria
688 1205 802 1244 induantur
817 1206 838 1244 et

52 1271 124 1309 iterum
140 1271 188 1318 post
203 1269 278 1309 missas
292 1269 405 1309 nudentur.
426 1270 497 1309 Nemo
512 1270 532 1309 in
548 1270 593 1319 ipsa
615 1270 837 1310 excommunicatione

52 1346 136 1374 uxorem
152 1334 222 1374 ducat.
238 1335 309 1374 Nemo
324 1335 382 1374 altari
398 1335 495 1375 osculum
511 1335 553 1375 det.
570 1336 641 1383 Nemo
656 1336 782 1375 clericorum
803 1337 838 1374 aut

52 1401 150 1440 laicorum
166 1400 203 1440 vel·
214 1400 353 1440 habitantium
369 1400 401 1440 vel
418 1401 572 1440 transeuntium
595 1402 615 1440 in
631 1403 677 1441 toto
700 1401 837 1441 Lemovicino

0 1457 8 1519 Ξ
51 1477 133 1505 carnem
149 1466 254 1513 comedat,
271 1478 340 1515 neque
353 1465 408 1506 'alios
422 1466 483 1506 cibos
497 1478 561 1515 quam
580 1466 628 1506 illos
649 1466 728 1515 quibus
743 1467 764 1506 in
786 1478 837 1515 qua-

52 1531 169 1580 dragesima
183 1532 238 1571 vesci
263 1531 343 1571 licitum
368 1534 407 1571 est.
432 1532 502 1572 Nemo
527 1532 629 1572 laicorum
654 1532 686 1572 vel
711 1532 837 1572 clericorum

52 1596 162 1636 tondeatur
178 1609 247 1646 neque
271 1596 363 1644 radatur,
386 1609 499 1646 quousque
522 1597 609 1638 districti
633 1598 747 1646 principes,
770 1598 839 1646 capita

0 1661 5 1675 ⁵
52 1662 187 1711 populorum,
204 1674 242 1711 per
256 1663 328 1702 omnia
343 1675 403 1703 sacro
418 1662 519 1703 obediant
534 1663 634 1703 concilio.

0 1727 6 1781 ζ
103 1726 123 1767 Si
138 1728 186 1776 quis
201 1739 251 1768 vero
267 1727 368 1777 probatus
382 1728 445 1768 tuerit
459 1728 531 1777 aliquo
547 1728 613 1768 modo
629 1728 691 1776 hujus
707 1728 784 1768 vinculi
794 1729 839 1768 vio-

0 1786 5 1846 ξ
52 1792 110 1840 lator,
127 1804 170 1833 non
186 1793 305 1842 recipiatur,
329 1794 368 1833 nisi
390 1805 438 1833 cum
461 1793 526 1842 digna
549 1794 686 1843 poenitentia.
708 1794 840 1842 Magnopere

52 1858 106 1897 enim
124 1859 275 1907 episcoporum
298 1860 490 1899 excommunicatio
513 1862 544 1899 est
567 1859 713 1899 observanda:
738 1871 764 1899 ne
786 1858 840 1898 torte

52 1923 97 1970 plus
112 1924 213 1964 irascatur
227 1923 286 1964 turor
300 1924 382 1964 domini
397 1936 461 1973 super
476 1936 516 1964 nos
531 1927 553 1964 et
566 1936 630 1974 super
645 1925 757 1974 populum.

103 1989 163 2029 Tunc
178 1990 330 2038 interrogatum
346 1993 377 2029 est
392 1991 412 2029 in
430 1990 529 2037 concilio,
553 1993 623 2030 utrum
646 1991 733 2029 uniant
755 1989 840 2030 duobus

52 2054 187 2102 primoribus,
203 2056 219 2095 si
244 2055 371 2101 obedierint,
397 2055 474 2095 debeat
498 2056 524 2095 ab
549 2050 653 2104 episcopo
678 2056 768 2104 ignosci,
794 2056 840 2095 sine

52 2120 151 2160 omnibus
165 2121 218 2168 aliis,
235 2133 260 2161 an
276 2122 335 2161 non?
352 2121 418 2168 Quod
440 2120 544 2161 Aemilius
566 2122 661 2171 pontifex
683 2125 703 2161 et
725 2121 841 2162 Azenerius

0 2177 2 2212 i
52 2184 116 2225 abbas
131 2186 172 2227 hoc
187 2186 253 2227 modo
269 2186 421 2234 enodaverunt,
438 2187 604 2236 respondentes:
621 2187 641 2227 Si
658 2187 684 2227 de
701 2190 786 2228 centum
803 2188 841 2227 im-

0 2250 1 2253 ’
53 2249 90 2296 piis
106 2254 188 2299 praeter
202 2263 268 2291 unum
284 2253 398 2301 nequimus
413 2264 519 2299 revocare,
537 2253 606 2301 ipsum
622 2252 692 2292 solum
702 2264 750 2292 cum
761 2253 841 2301 gaudio

53 2314 154 2356 dehemus
169 2317 284 2366 suscipere.

105 2380 221 2422 Odolricus
236 2385 306 2422 autem
322 2385 381 2432 pater
402 2384 432 2423 sic
454 2383 574 2432 respondit:
591 2383 611 2423 Si
637 2396 691 2423 unus
713 2384 740 2423 de
755 2387 840 2424 centum

53 2445 138 2493 perditis
153 2448 179 2487 ad
194 2448 283 2488 salutem
299 2448 398 2495 lucratur,
415 2448 517 2497 gaudium
540 2451 571 2488 est
592 2461 665 2489 coram
688 2449 769 2498 angelis
791 2449 839 2490 Dei.

53 2509 72 2549 Si
81 2512 128 2560 quis
137 2513 229 2562 denique
238 2516 286 2563 post
295 2516 386 2554 mortem
395 2513 541 2561 inobediendi,
548 2514 575 2554 ad
584 2514 728 2554 obediendum
738 2515 841 2564 episcopo

53 2575 142 2626 festinat,
158 2580 201 2628 jam
216 2591 228 2619 a
243 2579 290 2620 Deo
313 2580 400 2619 interius
421 2580 547 2627 vivificatur,
571 2580 663 2629 ideoque
688 2592 737 2620 eum
760 2580 841 2621 absolvi

53 2653 137 2685 necesse
152 2647 190 2685 est.
207 2646 262 2685 Nam
278 2645 304 2685 de
320 2645 352 2685 his
368 2646 403 2694 qui
419 2645 446 2685 ad
462 2646 614 2695 poenitentiam
635 2649 777 2695 compunctos
799 2653 848 2686 non¹

53 2709 176 2759 suscipiunt,
193 2710 310 2751 obduratos
325 2723 376 2751 vero
391 2714 426 2751 aut
441 2714 521 2751 terrore
532 2714 566 2751 aut
576 2724 649 2752 amore
660 2712 761 2752 saeculari
774 2712 843 2752 absol-
