1924 3132
266 165 358 195 DECRETll
372 165 422 195 Rom.
437 164 564 193 PONTIFICUM

396 316 450 358 136.

77 410 135 456 1080,
151 408 221 457 April.
237 410 270 448 12.
288 407 405 457 Gregorius
423 407 461 447 Vll
484 407 588 447 Wiilelrna
609 407 714 447 derniensi
728 403 809 455 (Aucti)

21 474 185 524 archiepiscopo.
209 474 309 523 Argaeus
330 485 376 513 erun
398 472 552 525 inobedientiae
571 472 679 522 praecipit
701 474 726 512 ui
748 474 811 521 cogat

21 539 117 579 abbatem
132 539 273 579 Peearzensem
288 535 389 585 (Pescen)
404 538 513 578 eest'tuece
532 538 606 578 abbati
628 537 690 577 Petro
711 537 809 577 Aurelia-

21 604 79 644 censi
93 601 210 652 (utzeticae)
225 604 333 644 ecclesiam
341 603 432 644 Sanctae
442 604 527 644 Mariae
537 603 671 643 Dairaairaci
679 600 729 651 (Sa.
739 604 810 643 Marte

21 668 174 719 el’Aimapeac),
191 682 254 719 arcaea
269 669 348 719 insusie
362 669 476 709 invaserat.

75 758 159 805 Quodsi
174 758 229 798 forte
244 759 318 808 spiritu
334 758 433 807 superbie
449 758 558 798 induratus
566 759 701 807 acquiescere
709 758 808 805 noluerit,

21 827 41 864 et
56 825 185 864 monasterio
201 825 237 871 illi,
247 815 313 872 'qtiod
329 825 424 863 invasum
440 826 479 871 est,
502 824 598 863 divinum
621 823 726 870 oliicium,
743 826 763 863 et
779 824 809 863 in-

22 890 90 930 vasori
113 893 184 930 nostra
204 890 327 930 auctoritate
351 890 421 929 omnis
446 889 533 929 ecclesie
556 890 668 929 interdicas
691 890 807 929 introitum.

22 956 76 995 Nam
92 967 135 995 riou
151 957 205 995 inter
220 956 332 1003 religiosos
347 956 465 995 monachos
480 956 517 995 sed
533 967 572 994 uec
587 956 640 995 inter
660 955 725 995 laicos
747 954 809 995 debet

22 1019 163 1069 annumerari,
180 1023 215 1070 qui
231 1021 366 1070 sacrilegium
385 1023 506 1070 perpetrare
521 1033 564 1061 nou
580 1022 646 1061 timet.

70 1096 128 1142 Greg.
141 1097 175 1134 Vll
187 1096 297 1142 Regisirum
309 1097 343 1133 Vll
357 1098 379 1132 18
392 1107 410 1142 p.
423 1097 468 1140 4933
482 1096 504 1132 lL
518 1096 570 1132 5101.

401 1219 456 1262 137.

76 1324 94 1351 c.
112 1313 170 1352 1080.
186 1311 307 1357 Ricieardus
323 1311 446 1352 Cardinalis
461 1311 553 1361 Legatas
567 1311 645 1352 Sancio
665 1312 688 1352 V.
700 1313 811 1352 Nouercae

22 1379 68 1427 regi
82 1375 176 1424 (Sancite
191 1375 307 1424 Ramicee).

76 1461 192 1503 Richardus
207 1460 327 1500 Cardiualis
342 1461 472 1509 apostolicae
487 1461 544 1500 sedis
559 1461 649 1510 [egatus
664 1460 685 1501 S.
702 1462 753 1510 Regi
776 1474 809 1501 ve-

22 1526 109 1567 nerabili
125 1527 222 1566 salutem.
238 1526 256 1566 Α
272 1526 366 1566 Domino
382 1529 444 1567 notro
456 1538 510 1575 papa
526 1528 546 1566 in
562 1527 656 1567 ecclesiis
667 1527 725 1576 regni
738 1528 808 1576 vestri,

22 1592 134 1638 honorem,
151 1594 171 1631 et
186 1592 275 1640 gloriam
298 1591 393 1639 ejusdem
416 1595 500 1632 sanctae
516 1595 536 1632 et
551 1592 675 1632 universalis
699 1593 808 1640 ecclesiae,

23 1658 141 1707 postposita
156 1657 195 1697 alia
210 1657 273 1698 uobis
282 1656 382 1697 '...multo
397 1658 476 1697 sudore
490 1657 582 1697 fideliter
592 1657 760 1706 quaerebamus;
772 1659 810 1698 sed

22 1735 61 1762 nec
76 1735 113 1771 per
128 1725 209 1763 vestros
224 1723 437 1763 circumlocutionum
454 1723 559 1763 anfractus
577 1723 659 1771 decepti
675 1735 686 1762 a
702 1727 760 1772 parte
775 1736 810 1764 co-

22 1789 153 1837 gnoscimus,
170 1789 271 1836 quoniam
288 1788 335 1836 plus
345 1788 457 1828 hominum
468 1788 571 1835 favorem,
585 1800 648 1837 quam
660 1788 699 1828 Dei
710 1789 809 1828 timorem

23 1854 184 1902 animarumque
199 1853 288 1893 salutem
304 1854 324 1893 iri
340 1854 414 1893 vestris
429 1853 531 1902 operibus
544 1854 621 1902 cupitis
637 1854 738 1904 invenire.
754 1854 809 1894 Nam

22 1919 111 1959 salutem
127 1921 196 1959 vestro
211 1918 301 1959 consilio
317 1919 337 1958 in
354 1919 435 1967 populo
450 1920 567 1959 commisso
585 1931 623 1959 vos
639 1919 756 1969 efflagitare
767 1922 810 1959 cre'-
861 1921 863 1923 ’

23 1984 138 2031 debemus3
154 1984 210 2024 unde
225 1985 275 2033 quia
290 1996 333 2024 uon
349 1985 376 2024 ita
391 1984 447 2033 apud
463 1996 501 2024 vos
519 1987 561 2037 est,v
580 1985 713 2033 colligentes,
736 1985 752 2024 si
769 1997 810 2034 qua

23 2050 83 2090 vobis
99 2062 137 2098 pro
153 2052 221 2089 vestra
236 2050 320 2090 caritate
336 2050 362 2089 de
377 2050 471 2099 qualibet
486 2050 605 2099 specialiter
620 2062 711 2099 persona
732 2052 810 2099 promi-

22 2116 96 2162 simus,
103 2115 196 2155 facturos
204 2127 243 2155 nos
252 2115 353 2165 deinceps
360 2115 502 2164 proculdubio
508 2116 647 2164 abnegamus:
654 2116 692 2155 sed
699 2116 810 2156 consulere

22 2181 81 2221 aliter
95 2182 111 2220 si
128 2182 268 2230 potuerimus,
284 2183 413 2230 satagemus.
431 2181 662 2221 Excommunicationis
673 2182 808 2228 sententiam,

23 2258 86 2295 quam
96 2247 116 2301 in
126 2246 283 2295 Pampilonensi
293 2248 425 2295 episcopatu,
435 2248 455 2286 et
463 2246 587 2286 hominibus
598 2246 693 2294 ejusdem
705 2247 809 2296 episcopi,

23 2324 159 2361 quocumque
184 2312 232 2352 loco
256 2312 341 2360 luerint,
366 2311 410 2352 sive
435 2313 455 2352 in
480 2312 615 2361 expeditione
640 2315 714 2352 contra
738 2312 810 2352 hostes

23 2379 170 2427 pugnaverint,
186 2378 246 2418 sicuti
263 2378 283 2417 in
299 2377 390 2418 concilio
406 2379 557 2427 episcoporum
574 2380 594 2417 et
609 2367 715 2418 abbatum*
725 2381 810 2426 aposto-

23 2444 62 2484 lica
77 2445 200 2484 auctoritate
216 2444 334 2492 posuimus,
352 2444 426 2483 iterum
448 2444 566 2492 iterumque
589 2444 663 2483 eadem
687 2444 811 2483 auctoritate

23 2509 143 2549 firmamus:
160 2521 241 2558 vosque
256 2509 431 2549 communionem
447 2521 495 2548 cum
514 2509 715 2557 Pampilonensibus
726 2520 811 2548 excom-

23 2575 135 2615 municatis
149 2586 217 2623 usque
232 2575 258 2629 ad
273 2574 408 2615 festivitatem
423 2574 445 2615 S.
462 2567 569 2621 Iohannis,
592 2577 613 2614 et
627 2574 669 2614 boc
683 2586 726 2614 non
743 2575 763 2613 iu
778 2587 811 2615 ec-

23 2641 140 2681 clesiastico
156 2640 237 2685 oiiic'io.
254 2639 289 2680 SS.
306 2640 454 2689 apostolorum
470 2640 525 2679 Petri
541 2642 561 2679 et
577 2640 634 2680 Pauli
651 2642 671 2679 et
686 2642 758 2680 nostra
776 2652 811 2680 au-

23 2708 126 2755 ctoritate,
143 2706 222 2745 nullam
238 2706 339 2755 deinceps
354 2705 431 2745 habere
454 2706 603 2755 praecipimus,
627 2705 696 2745 donec
720 2705 811 2746 habeant
