1924 3132
318 161 446 196 solutiones,
460 160 571 188 errsrotnr
814 150 837 186 57

53 291 95 338 ssjrrs
116 283 207 324 malitiae
229 293 293 322 onere
315 281 429 330 gemimus
446 283 517 320 nostra
537 280 644 320 humilitas
666 292 708 319 non
726 279 804 326 sileret,
820 279 837 318 si

1 334 13 403 Ji
52 355 126 395 reterre
147 348 230 397 singula
252 359 362 387 morosum
386 358 428 386 non
453 349 515 393 esset,
532 350 552 386 et
574 346 647 385 audire
669 345 796 385 taediosum.
813 344 838 384 Et

52 417 112 468 legati
98 414 193 457 tnostri
209 413 281 462 lingua
296 412 391 452 fortassis
413 412 486 451 omnia
508 411 583 451 melius
601 411 663 458 dicet,
649 414 743 460 tquam
767 412 838 449 nostra

53 487 57 494 ’
74 483 142 523 dicare
158 480 230 528 posset
244 478 341 526 epistola.
354 477 473 526 Pauperum
489 488 579 525 corpora
590 475 674 525 sepeliri
692 475 836 515 concessistis:

66 547 108 588 uod
124 556 163 585 nos
185 543 278 584 abnuere
298 555 336 583 nec
357 554 478 591 possumus,
495 554 534 582 nec
548 542 660 581 audemus.
676 540 717 581 Sed
733 541 789 599 salva
804 552 838 580 ve·
901 556 902 559 ¹

71 625 92 653 ra
107 622 165 660 pace,
183 611 203 649 et
225 609 340 648 reverentia
363 607 460 655 dicimus,
479 608 496 647 si
519 607 623 656 insepulta
645 608 778 646 remanerent
800 617 838 654 pro

1 702 9 720 ,ς
53 676 156 719 Ecclesiae
170 674 256 724 justitia,
273 685 316 713 non
332 674 381 713 idco
396 674 479 712 animae
501 674 571 712 minus
593 672 694 712 haberent
716 673 742 711 de
762 671 837 720 gloria.

1 743 14 768 s
54 745 76 784 Et
90 742 139 791 quia
154 752 165 779 a
180 740 289 779 sanctitate
304 742 372 779 vestra
388 738 516 787 pauperibus
531 738 639 787 sepultura
654 737 785 782 conceditur,
799 736 839 776 sub

53 808 137 848 nomine
153 816 270 854 pauperum
286 816 297 843 a
312 803 420 853 sepultura
434 802 475 850 iam
491 803 561 843 nullus
576 802 701 843 excluditur.
717 802 797 842 Valete.

98 882 135 917 Iac.
149 878 253 923 sirmondi,
267 878 332 924 Opera
346 877 416 914 Omnia
429 877 484 922 (Veri.
499 876 553 921 1723)
566 877 590 913 lll
603 877 648 919 4563
666 877 696 912 PL
711 877 750 920 157,
763 877 791 911 83.

428 1012 467 1055 54.

107 1126 126 1154 c.
144 1114 202 1153 1100.
220 1112 337 1162 &offridus
351 1111 426 1152 Abdus
447 1111 607 1152 Vindocincusis
624 1111 683 1151 Inoni
698 1110 784 1151 Cnrnot.

105 1196 201 1241 Noverit,
217 1196 325 1235 carissime
336 1197 401 1243 pater,
414 1197 482 1235 vestra
492 1194 586 1241 dilectio,
601 1195 621 1234 in
632 1197 701 1234 castro
717 1194 838 1240 Vindocini,

2 1263 7 1311 'J
54 1263 120 1302 dictos
135 1261 183 1301 illos
198 1260 305 1309 regulares
320 1260 374 1300 beati
390 1259 480 1309 Georgii
496 1258 626 1306 Canonicos,
643 1260 663 1299 in
679 1259 767 1299 ecclesia
785 1258 839 1299 beati

54 1328 106 1367 Petri
122 1327 200 1375 apertis
214 1325 283 1373 januis
298 1328 371 1365 contra
387 1325 521 1365 interdictum
537 1327 629 1365 vestrum
645 1325 770 1365 solemniter
784 1324 840 1364 testi-

54 1393 137 1432 vitatem
154 1391 283 1431 celebrasse:
303 1391 399 1439 aliosque
416 1390 511 1438 ejusdem
530 1391 608 1431 castelli
627 1391 715 1431 clericos
733 1390 840 1439 quendam

1 1448 9 1512 2
54 1457 180 1506 burgensem
192 1456 324 1503 defunctum,
336 1459 415 1496 etcum
427 1456 527 1495 defuncto
538 1455 638 1502 justitiam
650 1456 709 1504 quasi
719 1456 840 1495 defunctam

54 1522 185 1571 sepelientes,
198 1521 288 1570 publicis
300 1521 473 1570 processionibus
488 1521 609 1570 sepulturae
625 1521 744 1561 tradidisse.
757 1521 789 1560 De
800 1533 841 1569 qua

1 1605 4 1636 ς
55 1587 211 1627 Ecclesiasticae
227 1586 319 1634 iustitiae
336 1587 452 1635 sepultura,
470 1598 525 1635 quae
543 1588 690 1627 contumaciae
707 1586 778 1626 studio
796 1590 841 1626 acta

54 1653 176 1700 dinoscitur,
186 1655 207 1692 et
215 1652 241 1692 de
250 1652 373 1700 hujusmodi
385 1652 506 1701 sepulturae
516 1652 616 1698 vindicta,
629 1655 709 1692 vestrae
717 1651 840 1692 sublimitati

54 1719 123 1758 nostra
139 1717 246 1758 humilitas
261 1717 341 1766 aliquid
356 1718 482 1766 scripsisset,
498 1718 515 1757 si
532 1717 650 1757 monachus
665 1729 720 1757 unus
735 1717 842 1757 sutticeret

0 1810 4 1833 3
54 1782 80 1822 de
95 1783 238 1823 inobedientia
253 1782 379 1823 clericorum
395 1794 494 1823 accusare
509 1783 680 1829 multitudinem
699 1785 719 1822 et
734 1794 842 1832 praesum-

0 1838 4 1910 i
55 1850 153 1895 ptuosum
172 1860 214 1888 non
235 1839 351 1895 videretur,
368 1850 437 1888 tantae
457 1848 591 1888 discretionis
611 1848 688 1888 docere
709 1848 841 1897 pontificem.

55 1912 107 1952 lllud
124 1914 194 1953 tamen
215 1913 333 1962 perpendat
352 1915 420 1953 vestra
440 1913 538 1960 dilecti03
560 1913 618 1962 quod
638 1914 654 1953 si
675 1916 732 1953 tanta
751 1913 843 1961 justitiae

55 1977 128 2024 injuria
139 1979 242 2027 patienter
253 1981 355 2026 portatur,
367 1978 484 2018 verendum
500 1982 538 2025 est,
555 1991 581 2018 ne
596 1981 667 2019 sancta
683 1979 789 2019 Ecclesiae
804 1978 843 2018 hac

55 2044 166 2083 occasione
184 2043 210 2083 de
227 2045 282 2083 statu
299 2055 339 2083 suo
357 2043 472 2092 plurimum
491 2044 572 2093 perdat,
589 2046 609 2084 et
624 2056 674 2084 suae
689 2044 806 2084 honestatis
823 2047 843 2084 et

0 2126 1 2159 3
55 2107 135 2148 ordinis
150 2108 305 2149 intolerabilem
320 2108 422 2156 jacturam
439 2109 536 2157 patiatur.
553 2109 616 2150 Unde
627 2112 708 2149 vestrae
724 2110 842 2158 paternitati

55 2171 111 2212 filiali
134 2174 247 2214 dilectione
269 2174 422 2223 supplicamus,
446 2177 550 2223 quatenus
571 2175 597 2214 ad
617 2186 656 2215 nos
676 2176 742 2215 misso
762 2178 843 2215 vestrae

55 2239 183 2279 auctoritatis
203 2240 296 2286 decreto,
317 2242 359 2279 tarn
381 2240 500 2289 perniciosa
521 2241 666 2289 praesumptio
686 2241 731 2281 sine
751 2240 843 2280 vindicta

55 2304 141 2344 minime
156 2307 259 2345 transeat:
276 2307 363 2354 utquam
382 2316 446 2354 grave
463 2306 489 2345 sit
506 2317 545 2345 suo
565 2306 672 2355 Episcopo
688 2318 731 2345 non
747 2306 842 2353 obedire,

55 2368 87 2408 vel
101 2370 131 2409 sic
146 2371 293 2419 unusquiusqe
308 2373 452 2419 transgressor
466 2373 576 2420 agnoscat.
592 2371 624 2411 De
640 2371 721 2411 domno
735 2371 843 2411 Archidia-

55 2444 118 2482 cono,
134 2434 194 2482 cujus
211 2436 298 2476 virtutes
313 2436 346 2475 vel
363 2436 412 2476 vitia
431 2437 564 2485 prudentiam
580 2439 671 2476 vestram
687 2438 785 2486 ignorare
800 2448 843 2477 non

55 2500 168 2547 credimus,
184 2501 246 2541 vobis
263 2513 312 2541 vera
329 2500 421 2541 scribere
439 2513 482 2541 non
500 2501 616 2549 audemus;
640 2514 666 2542 ne
681 2505 753 2542 nostra
767 2503 844 2542 veritas

56 2563 99 2610 eius
114 2566 188 2606 odium
200 2566 262 2607 nobis
273 2570 390 2616 generaret,
402 2570 426 2607 et·
433 2567 469 2616 qui
485 2567 540 2607 male
551 2568 594 2616 agit
609 2566 669 2616 pejus
680 2570 759 2617 ageret.
772 2567 842 2614 Certe,

55 2628 72 2667 si
87 2629 206 2672 inordinata
222 2632 318 2672 remissio
337 2633 403 2682 pietas
418 2633 450 2672 vel
466 2633 611 2673 misericordia
629 2635 692 2680 essct,
708 2634 763 2673 circa
778 2633 844 2673 delin-

57 2698 152 2744 quentes,
161 2697 199 2737 sed
210 2697 382 2746 impoenitentes,
392 2698 508 2747 plurimum
517 2697 632 2746 exhiberet3
643 2697 721 2748 quibus
729 2698 792 2738 etiam
802 2710 844 2739 non
