1975 3157
411 124 539 161 scarrroaes,
553 124 663 153 eaisrocae

521 263 561 305 22.

201 374 258 414 1016.
275 373 375 423 Epistula
389 373 486 413 fulberti
504 372 591 414 Currant.
607 373 636 413 ud
649 372 763 418 Roberturrz
773 373 851 423 Regem
866 373 932 413 Fruu-

144 450 222 478 corum.
624 444 626 447 ’

199 516 381 569 Excellentissimo
397 516 448 564 Regi
466 518 487 555 et
504 515 568 556 charo
591 515 686 556 Domino
708 527 747 555 suo
765 514 867 562 Roberto,
886 515 932 554 Ful·

145 581 216 621 bertus
232 580 397 622 Carnotensiunr
413 581 499 621 humilis
515 581 642 630 Episcopus,
658 592 743 621 cursum
759 580 842 621 honesti
865 582 932 630 conti-

145 659 211 687 nuum
233 646 259 687 ad
281 646 418 687 beatitudinis
433 646 506 686 tinem.
523 647 581 686 Inter
597 646 674 686 multas
691 646 844 686 sollicitudines
866 658 931 693 meas,

145 723 194 752 cura
216 712 253 759 tui,
277 711 377 758 Domine,
395 723 428 751 me
451 723 494 751 non
515 712 651 751 mediocriter
672 711 744 758 afficit,
763 710 818 751 Cum
836 712 893 751 enim
913 713 933 751 te

146 777 260 825 prudenter
281 788 345 825 agere
367 777 456 825 accipio,
480 776 557 816 laetor:
581 777 613 816 sin
631 778 710 823 autem,
731 777 802 816 tristor
819 779 839 816 et
858 776 931 816 timeo.

145 841 224 881 Audito
240 842 304 890 igitur
319 843 372 881 inter
387 841 434 888 alia,
451 841 510 890 quod
526 842 622 890 proxima
643 842 778 881 solemnitate
793 842 873 881 Natalis
889 840 932 880 Do·

145 908 196 946 mini
219 906 332 946 concilium
355 906 466 946 trahiturus
480 907 509 946 sis
530 918 578 946 cunr
601 906 735 955 Principibus
753 906 819 955 Regni
837 906 864 945 de
882 918 933 955 pace

145 972 303 1021 componenda,
327 972 426 1021 gaudeo;
449 972 486 1011 sed
504 972 577 1012 audito
595 972 653 1021 quod
672 972 692 1011 in
710 971 829 1011 Aurelianis
850 972 933 1012 civitate

145 1037 242 1077 videlicet
253 1037 352 1077 incendio
363 1039 450 1084 vastata,
461 1038 578 1086 sacrilegiis
589 1036 706 1086 profanata,
719 1040 739 1077 ct
750 1038 836 1086 insuper
847 1048 931 1077 excom-

146 1103 290 1142 municatione
312 1103 418 1150 damnata,
437 1115 476 1142 nec
497 1105 545 1152 post
563 1102 705 1149 reconciliata,
728 1104 794 1142 miror
815 1105 835 1142 et
851 1113 932 1151 paveo.

146 1167 233 1214 Quanto
251 1169 307 1208 enim
332 1168 407 1208 dolore
428 1171 488 1217 putas
506 1168 632 1208 alliciendos
649 1180 696 1208 esse
713 1167 838 1208 Sacerdotes
859 1167 934 1207 fideles

145 1236 201 1280 tuos,
218 1234 253 1282 qni
270 1234 296 1272 ad
311 1233 497 1273 honorificentiam
513 1233 552 1273 Dei
568 1236 589 1273 et
603 1235 660 1272 tuam
676 1234 723 1282 ipso
739 1233 773 1273 die
788 1233 933 1281 congregandi

146 1301 201 1345 sunt,
214 1299 230 1338 si
242 1299 262 1338 in
273 1310 299 1338 eo
310 1298 358 1338 loco
369 1298 454 1345 tuerint,
471 1298 506 1338 ubi
522 1301 561 1343 n'ec
576 1299 627 1347 ipsis
642 1298 761 1338 sacrificare
769 1298 838 1345 liceat,
848 1310 887 1338 nec
895 1296 932 1337 tibi

145 1366 301 1404 sacrosanctam
318 1364 469 1403 Eucharistiam
485 1364 581 1404 absolute
597 1364 723 1413 percipere?
744 1363 804 1403 Absit
821 1363 862 1403 boc
879 1375 890 1403 a
905 1366 933 1410 te,

146 1428 269 1468 charissime
285 1428 385 1476 Domine,
402 1432 424 1469 ut
439 1431 460 1469 tu
477 1429 497 1469 in
512 1431 569 1469 tanta
584 1429 726 1476 solemnitate,
743 1431 778 1468 aut
793 1429 869 1468 divinis
887 1428 934 1468 oili-

146 1495 184 1534 ciis
199 1506 277 1541 careas,
289 1497 324 1534 aut
336 1494 406 1534 illicite
417 1495 449 1534 vel
461 1494 555 1543 indigne,
567 1497 587 1534 te
598 1495 684 1542 sciente,
702 1495 798 1546 usurpari
817 1495 933 1543 permittas.

147 1558 212 1605 Quod
228 1559 277 1599 ideo
292 1563 312 1599 te
328 1571 467 1608 praemonere
482 1560 561 1606 curavi,
577 1562 600 1598 ut
614 1560 646 1598 vel
663 1559 722 1599 illum
737 1560 809 1599 locum
824 1558 889 1598 iacias
904 1571 934 1598 re-

146 1625 262 1672 conciliari,
279 1628 314 1665 aut
328 1625 364 1664 ubi
380 1625 456 1665 melius
470 1625 497 1664 sit
511 1625 668 1669 solemnitatem
683 1624 790 1665 celebrare
803 1625 933 1664 memineris.

147 1690 215 1730 Velim
231 1693 301 1730 autem
317 1691 407 1730 suadere
421 1689 467 1737 tibi,
483 1690 499 1730 si
516 1690 604 1739 possim,
621 1702 647 1730 ne
662 1690 756 1730 dimittas
771 1692 858 1739 propter
873 1690 933 1736 irarn,

147 1767 201 1804 quae
217 1756 316 1795 iustitiam
334 1754 373 1795 Dei
391 1766 434 1794 non
455 1758 562 1804 operatur,
581 1756 632 1804 quin
650 1755 816 1804 episcopatuo
837 1758 933 1803 treugam

147 1820 192 1867 des,
209 1820 323 1869 polliceare
338 1820 446 1867 iustitiam,
463 1821 549 1869 insuper
566 1820 696 1860 conductum
715 1820 824 1869 praebeas,
840 1821 856 1859 si
877 1819 933 1866 velit,

147 1886 173 1925 ad
188 1885 356 1926 reconciliandas
372 1886 476 1926 Ecclesias
490 1897 546 1925 suas.
565 1885 631 1932 Quod
646 1886 662 1925 si
678 1885 832 1932 detrectaverit,
852 1887 896 1933 ipse
914 1886 934 1924 in

148 1951 250 1999 periculo,
266 1953 288 1990 tu
304 1950 414 2000 navigabis
429 1952 450 1991 in
465 1953 572 2000 portu.....

196 2024 284 2070 bouquet
296 2025 313 2061 X
326 2026 361 2061 454
375 2036 405 2071 ep.
418 2026 450 2069 213
465 2025 495 2061 PL
509 2026 548 2070 141,
561 2026 596 2062 213
610 2036 639 2071 ep.
652 2026 681 2060 27.

523 2154 563 2197 23.

201 2258 252 2299 Posi
267 2271 285 2299 a.
304 2249 362 2299 1019.
378 2258 491 2299 fulbertus
503 2258 589 2298 Carrzot.
601 2259 630 2298 od
639 2258 752 2303 Robertunz
762 2258 840 2308 Regem
851 2260 872 2299 et
882 2259 935 2299 Con-

147 2324 249 2364 stantiam
267 2324 379 2373 Reginum.

202 2400 305 2451 ereriiur
317 2402 343 2441 dc
358 2401 467 2452 Garrfrido
485 2401 607 2442 Vicecoruitc
625 2401 800 2442 Castroduneusi.

241 2466 350 2513 Quoniam
369 2470 439 2507 autem
458 2467 536 2516 placuit
553 2467 642 2507 bonitati
665 2470 746 2507 vestrae
764 2468 874 2507 consulere
896 2479 936 2507 nos

147 2544 212 2581 snper
226 2532 300 2572 habitu
315 2535 396 2580 nostro,
415 2532 527 2572 scribimus
545 2532 614 2580 vobis,
633 2533 705 2573 multis
727 2545 766 2573 nos
788 2534 814 2573 ad
837 2545 936 2583 praesens

148 2597 292 2637 incommodis
307 2599 385 2647 urgeri,
402 2609 456 2646 quae
472 2598 534 2638 nobis
550 2598 611 2638 infert
626 2597 754 2638 Gausiridus
769 2598 895 2638 Vicecomes
910 2599 936 2638 de

148 2661 224 2703 Castro
241 2662 344 2703 Dunensi.
361 2663 442 2706 Reiecit
456 2664 513 2703 enirn
529 2666 576 2703 ante
592 2663 667 2703 Natale
682 2663 769 2703 Domini
785 2663 893 2703 castellum
910 2664 936 2703 de
