1975 3157
143 148 154 183 s)
388 155 481 184 DECRETA
496 155 545 184 Rom.
560 155 687 184 PONTIFICUM

143 270 222 316 (Carolo
237 270 305 316 Calvo)
320 272 389 308 Sancto
406 272 501 309 florentio
516 272 579 308 datam
595 272 613 307 in
631 272 693 309 Sancti
711 272 793 309 lltauritii
810 274 827 308 et
846 272 930 311 Rainaldi

143 330 293 378 Imdegavorum
306 331 392 368 antistitis
406 331 498 368 ditionem
511 331 620 367 tradidisse:

191 391 251 437 Cujus
264 391 329 427 nobile
338 391 463 438 privilegium,
473 391 491 427 in
502 392 568 437 papiro
578 392 713 438 conscriptum,
726 391 762 428 sub
776 392 855 428 obtentu
865 392 930 428 Bertae

144 451 220 497 reginae
233 461 255 487 ac
267 451 350 487 tiliorum
360 451 401 497 ejus
410 451 523 487 Theutbaldi
537 452 594 496 atque
604 451 685 496 Orionis,
696 451 767 490 Romae
777 452 871 487 lohannes
882 462 931 497 papa

144 510 218 551 divinae
236 509 336 555 majestatis
354 511 485 555 apostolorum
503 511 653 556 cunctorumque
670 512 778 546 sanctorum
797 511 932 556 protestatione

143 570 268 614 commonuit,
282 571 338 615 atque
352 570 434 606 eundem
449 569 499 605 Beati
514 564 602 605 Florentii
612 570 675 606 locum
688 569 785 606 tuentibus
798 570 826 605 vel
840 580 931 615 augmen·
955 607 957 609 ,

143 629 416 665 tantihus...'benedictionem
437 629 614 675 ¹..promulgauit;...
635 629 654 664 ln
674 629 743 665 eodem
759 629 815 665 etiam
832 629 931 675 privilegio

144 688 251 724 continetur
259 688 333 724 nullum
342 688 422 724 omnino
433 688 548 724 monachum
558 690 644 724 nostrum
653 688 677 724 ah
691 688 756 733 aliquo
765 688 849 734 praelato
859 687 932 733 absque

144 747 237 784 canonico
250 748 322 794 judicio
336 759 393 793 posse
406 749 434 784 vel
448 748 610 784 excommunicari
624 749 653 783 vet
669 748 761 784 interdici.
774 749 785 783 l.
795 758 811 784 c.
823 749 864 783 253.

192 807 258 843 Editor
270 807 288 842 in
302 809 347 843 nota
360 807 439 843 advertit
452 807 602 853 manuscriptum
612 807 704 852 originale
717 807 773 853 hujus
787 807 878 853 privilegii
892 818 931 843 non

143 866 181 912 jam
191 866 276 902 existere.
288 866 333 912 Ejus
342 868 405 902 textus
414 868 536 902 conservatur
545 867 563 901 in
578 866 594 901 le
608 866 661 902 Livre
676 866 743 912 Rouge
756 866 780 902 de
789 866 932 910 Sunt-florent,

144 926 176 961 tot.
189 927 218 962 29.
233 925 297 961 Portat
309 925 454 961 indicationem:
468 924 577 970 Andegavis
591 936 656 960 mense
669 924 723 970 junio
736 924 767 961 die
776 925 868 970 secundo,
881 936 932 961 anno

144 985 178 1020 Vll
193 984 283 1030 lingonis
297 984 351 1030 regis.
366 983 422 1030 (994).
437 984 448 1019 l.
458 996 473 1020 c.
487 996 505 1029 p.
518 985 559 1020 253.

520 1132 559 1174 91.

199 1243 218 1270 c.
236 1231 294 1270 1008.
310 1230 416 1270 Iolzuuuas
430 1229 504 1269 XVIII
517 1229 608 1274 Roberto
622 1230 750 1270 Francorum
765 1231 817 1279 regi.

200 1319 258 1360 Olim
270 1319 325 1359 tama
336 1319 435 1369 vulgante
446 1322 545 1366 vestram,
558 1319 758 1368 praecellentissime
769 1332 851 1369 regum,
867 1320 933 1360 eccle-

145 1385 253 1425 siasticum
262 1385 366 1425 honorem
375 1385 521 1434 comperimus
529 1385 618 1434 diligere
627 1387 690 1434 atque
697 1387 769 1425 tenere
779 1385 932 1432 excellentiam,

146 1463 171 1490 ex
185 1462 227 1499 qua
242 1462 264 1490 re
279 1462 365 1491 necesse
380 1453 418 1497 est,
435 1452 457 1490 ut
472 1451 488 1490 si
505 1450 591 1490 aliarum
610 1450 746 1490 ecclesiarum
762 1450 857 1490 honora
873 1450 934 1493 vobis

146 1516 255 1563 excolitur,
272 1527 318 1556 eam
334 1527 388 1565 quae
399 1516 495 1556 omnium
507 1518 570 1564 caput
585 1518 623 1563 est,
640 1518 698 1556 tanto
713 1516 804 1565 amplius
815 1515 932 1563 honoretis,

146 1584 226 1630 quanto
237 1584 319 1621 constat
330 1581 421 1631 reliquas
431 1581 457 1621 ab
469 1581 513 1630 ipsa
524 1581 634 1621 exordium
646 1581 770 1630 sumpsisse.
782 1581 934 1630 Comperimus

146 1650 216 1687 autem
227 1646 332 1695 quosdam
344 1647 458 1695 episcopos
469 1647 531 1686 vestri
543 1647 601 1695 regni
613 1646 761 1687 authoritatem
777 1646 833 1687 sedis
849 1649 934 1696 aposio-

146 1712 205 1759 licae,
222 1723 285 1766 quam
298 1712 317 1751 in
330 1712 425 1754 Romana
440 1711 492 1751 urbe
507 1711 581 1752 beatus
596 1712 670 1752 Petrus
685 1713 728 1752 suis
743 1712 816 1752 tribuit
826 1724 934 1761 successo-

147 1777 212 1824 ribus,
233 1777 287 1817 adeo
307 1778 439 1826 contemptui
460 1777 545 1824 habere,
564 1779 587 1817 ut
604 1777 723 1817 nullatenus
742 1790 765 1817 se
784 1777 935 1818 obseruaturos

147 1842 224 1883 dicant.
243 1842 314 1889 Quam
332 1843 488 1882 contumaciam
507 1843 528 1881 in
543 1842 689 1891 ‚Transalpinis
707 1854 747 1882 nos
764 1843 873 1882 audientes
889 1842 935 1882 tore

147 1908 261 1956 episcopis,
273 1910 294 1947 et
305 1907 392 1947 minime
407 1907 525 1955 credentes,
537 1908 634 1947 misimus
645 1908 730 1947 tratrem
746 1909 766 1947 et
781 1908 934 1957 coepiscopum

147 1966 243 2013 nostrum
255 1973 301 2022 Bip.
314 1973 436 2020 antistitem,
452 1975 475 2012 ut
485 1974 513 2012 rei
528 1973 636 2013 veritatem
652 1975 784 2022 agnosceret,
801 1974 837 2022 qui
852 1985 875 2013 se
890 1974 935 2021 qui-

147 2038 195 2078 dem
212 2050 223 2078 a
237 2038 299 2078 vobis
314 2038 433 2078 honorilice
448 2041 468 2078 et
483 2038 519 2078 diu
534 2037 687 2078 humanissime
705 2041 815 2078 tractatum
838 2040 933 2086 asseruit,

147 2103 290 2144 aGallicanis
311 2115 362 2143 vero
378 2104 484 2152 episcopis
499 2115 522 2143 se
538 2104 658 2151 injuriatum
681 2104 776 2151 asseruit,
800 2103 850 2143 dum
867 2103 887 2142 in
903 2104 934 2143 sui

147 2170 265 2218 praesentia
280 2169 429 2209 authoritatem
451 2171 536 2209 sanctae
559 2169 666 2211 Romanae
689 2168 790 2210 ecclesiae
805 2168 884 2217 despici
900 2180 935 2208 au-

147 2234 206 2274 divit.
223 2235 269 2274 Nos
279 2246 331 2283 ergo
343 2246 381 2283 pro
392 2235 527 2283 susceptione
538 2234 606 2274 iratris
617 2237 699 2274 vestrae
709 2234 845 2274 excellentiae
858 2235 936 2284 gratias

147 2301 238 2349 agimus.
254 2300 358 2339 Miramur
372 2302 442 2339 autem
464 2302 555 2339 vestram
578 2299 759 2349 magnificentiam
779 2299 821 2340 hoc
841 2299 936 2348 potuisse

148 2366 237 2414 perpeti,
260 2367 283 2404 ut
305 2365 325 2404 in
347 2367 415 2405 vestra
437 2365 562 2414 praesentia,
586 2377 634 2404 nam
653 2364 690 2412 ibi,
706 2365 766 2404 sicuti
782 2365 934 2414 comperimus,

148 2442 248 2480 praesens
263 2431 333 2477 eratis,
349 2433 421 2470 sancta
436 2430 531 2472 Romana
548 2430 692 2479 despiceretur
709 2430 804 2470 ecclesia.
828 2430 869 2470 Sed
887 2431 936 2479 quia

148 2496 189 2536 hoc
204 2496 265 2536 vobis
276 2496 410 2545 displicuisse
420 2507 477 2535 nunc
487 2507 554 2545 usque
570 2495 715 2543 dissimulatis,
731 2496 842 2536 hortamur
856 2498 935 2535 vestam

148 2561 301 2607 excellentiam,
318 2563 340 2601 ut
355 2561 382 2601 de
397 2563 480 2601 caetero
501 2573 543 2601 non
566 2562 659 2608 taceatis,
678 2561 775 2610 quinimo
798 2561 856 2610 regia
878 2563 936 2610 pote-

147 2629 200 2667 state
216 2627 299 2667 decreia
314 2627 445 2675 apostolicae
460 2626 517 2667 sedis
532 2627 656 2666 inconvulsa
673 2638 759 2666 manere
774 2626 862 2666 taciatis.
881 2626 936 2666 Nam

148 2695 170 2732 ut
185 2692 248 2733 nobis
263 2692 351 2732 relatum
367 2695 399 2732 est
414 2692 525 2732 memorati
541 2693 637 2741 episcopi
653 2692 771 2741 priuilegia,
794 2703 849 2741 quae
870 2692 935 2732 sancti
