1975 3157
167 124 190 158 22
433 130 561 166 scmvroaes
575 130 686 158 errsroune

168 250 276 299 praecipiti
299 252 319 290 et
341 249 462 299 perturbata
484 253 557 290 contra
578 262 649 290 sacras
671 250 755 298 regulas
777 249 878 295 iaculasti,
899 248 955 289 unde

168 316 284 355 maximum
299 315 422 355 scandalum
439 316 459 354 in
475 315 516 355 boc
532 327 606 364 regno,
623 316 678 355 etin
694 316 732 355 ista
750 315 838 355 ecclesia
859 326 955 354 commo-

168 382 226 421 visti:
249 381 275 421 de
297 380 375 430 quibus
397 380 655 421 excommunicationibus
677 392 745 429 nuper
767 381 787 419 in
809 380 918 420 Vermeria
936 382 956 419 te

168 458 272 486 unacum
288 445 394 492 iratribus,
411 448 431 485 et
445 443 580 495 coepiscopis
600 446 677 486 nostris
692 446 794 485 conveni:
812 457 891 494 easque
908 445 956 485 licet

168 523 211 551 non
226 512 272 551 sine
286 512 315 551 tui
331 511 463 551 calumniosa
479 511 557 551 invidia
572 511 605 551 his
622 511 700 560 quibus
718 511 773 560 ipsas
796 510 956 551 maledictiones

169 578 300 626 irrogaveras
315 577 427 625 quomodo
438 576 561 625 dissolvisti,
577 589 589 616 a
604 576 667 616 nobis
677 577 822 616 commonitus
836 578 858 615 ut
872 576 892 616 in
908 588 955 625 pro-

168 642 255 682 terenda
269 643 373 682 sententia
382 641 408 681 de
419 645 490 682 cetero
501 642 620 682 nullatenus
631 653 732 691 praeceps
747 642 869 682 exsisteres:
885 641 923 683 sed
933 643 956 681 tu

158 707 268 748 addendo
284 708 356 757 peiora
372 707 486 756 prioribus,
502 708 556 747 sicut
571 707 619 747 data
634 707 685 747 mibi
702 708 776 756 petitio
794 719 805 746 a
821 707 955 747 Laudunensi

169 773 257 813 ecclesia
272 775 383 820 monstrat,
400 774 420 812 in
442 773 556 813 vindictam
580 773 702 813 iniuriarum
720 775 803 812 tuarum
822 772 955 821 praecepisti,

169 842 192 878 ut
214 839 234 877 in
256 839 371 878 commissa
393 837 430 878 tibi
453 837 554 886 parocbia
578 849 642 877 nemo
664 838 751 877 Missam
767 840 867 884 cantaret,
893 850 956 877 nemo

169 904 344 943 communionem
360 915 442 943 sacram
458 904 586 952 perciperet:
602 914 651 943 curn
667 902 774 943 Dominus
788 903 873 943 tradens
888 914 957 943 sacro-

169 971 228 1009 santa
243 970 342 1018 mysteria
357 969 453 1017 corporis
468 971 488 1008 et
503 969 613 1017 sanguinis
628 969 659 1008 sui
682 968 809 1008 celebranda
830 968 874 1008 suis
896 968 957 1008 disci·

170 1035 232 1083 pulis,
249 1037 269 1074 et
284 1047 321 1084 per
336 1046 374 1074 eos
388 1033 489 1074 omnibus
504 1033 658 1081 sacerdotibus,
675 1034 774 1074 dixerit...

223 1100 350 1149 Praecepisti
372 1111 459 1148 quoque
481 1102 503 1139 ut
525 1111 589 1139 nemo
611 1099 718 1147 parvulos,
742 1100 805 1139 etiam
828 1100 902 1138 mortis
924 1111 958 1138 ur-

170 1167 233 1213 gente
248 1165 343 1214 periculo
354 1165 375 1204 in
385 1168 421 1205 tua
432 1165 533 1213 parochia
547 1165 671 1213 baptizarer,
688 1177 736 1205 cum
753 1165 858 1205 Dominus
876 1165 957 1205 dicat...

224 1231 312 1271 Vetuisti
329 1230 476 1277 nibilominus,
488 1233 510 1270 ut
524 1242 589 1270 nemo
600 1242 729 1279 quemquam
741 1230 837 1270 ultimam
849 1231 958 1279 poeniten-

170 1297 220 1336 tiam
229 1296 261 1336 vel
271 1296 466 1336 reconciliationem
474 1296 583 1345 reciperet,
591 1296 623 1336 vel
633 1297 728 1344 poscenti
737 1296 812 1336 ultimo
820 1308 892 1336 sacrae
900 1307 958 1336 com-

171 1363 279 1402 munionis
294 1362 370 1402 viatico
383 1361 512 1409 subveniret,
524 1373 572 1401 cum
588 1360 695 1401 Dominus
710 1362 810 1414 omnibus
826 1362 957 1411 praedicet...

226 1427 304 1467 iussisti
321 1428 383 1467 etiam
400 1427 513 1467 maximam
530 1426 713 1475 inhumanitatem,
730 1430 752 1467 ut
768 1439 832 1467 nemo
850 1430 957 1472 mortuum

173 1494 192 1533 in
208 1496 243 1533 tua
259 1493 359 1542 parocbia
374 1493 480 1541 sepeliret,
497 1504 545 1532 cum
561 1493 692 1533 Dominus...
710 1492 805 1532 iubeat...

220 1568 282 1603 Mansi
296 1568 338 1604 xvi
352 1568 396 1611 823,
411 1567 441 1604 PL
454 1568 494 1612 126,
507 1567 547 1603 520.

226 1677 247 1717 d.
263 1697 288 1701 —
303 1677 335 1717 Ex
349 1689 381 1726 ep.
397 1677 428 1717 H.
444 1676 503 1721 Rem.
519 1677 548 1716 ad
561 1645 697 1717 dioecesanos
711 1677 777 1717 Laud.
794 1673 836 1726 (ep.
852 1674 900 1725 IV).

227 1760 356 1800 Hincmarus
371 1761 487 1803 Remorum
503 1760 618 1809 episcopus
633 1772 657 1800 ac
672 1760 740 1809 plebis
751 1760 790 1800 Dei
802 1760 901 1807 famulus,
914 1772 959 1809 pre-

172 1826 269 1874 sbyteris,
286 1825 420 1872 diaconibus,
436 1838 460 1865 ac
475 1826 562 1874 reliquis
577 1826 724 1866 ecclesiasticis
741 1825 852 1866 ordinibus
870 1827 890 1865 in
909 1827 959 1866 Lau-

172 1892 262 1931 dunensi
278 1891 367 1931 ecclesia
382 1890 555 1938 consistentibus,
574 1891 671 1931 salutem.

226 1956 283 1996 Sicut
299 1958 372 2006 petitio
391 1957 442 1996 milri
458 1969 469 1996 a
484 1956 545 1997 vobis
564 1969 601 2006 per
622 1957 727 2006 quosdam
750 1958 909 1997 comministros
926 1969 960 1997 ve-

172 2025 227 2062 stros
242 2023 288 2062 vice
303 2023 400 2062 omnium
416 2025 508 2062 vestrum
526 2022 573 2062 data
588 2023 690 2070 continet,
706 2023 769 2062 irater
784 2025 804 2063 et
818 2023 961 2072 coepiscopus

172 2091 245 2128 noster
267 2088 396 2128 Hincmarus
411 2099 474 2128 causa
489 2088 611 2128 iniuriarum
634 2100 719 2128 suarum
738 2100 776 2128 vos
798 2088 824 2128 ab
839 2088 912 2128 oliicio
928 2101 960 2129 ec-

173 2154 300 2201 clesiastico,
317 2156 337 2194 et
352 2165 438 2193 omnem
450 2153 573 2202 parochiam
589 2154 628 2193 sibi
644 2155 781 2194 commissam
797 2166 809 2194 a
824 2155 960 2204 perceptione

172 2222 192 2259 et
207 2220 360 2260 communione
378 2220 510 2259 vivificorum
530 2220 678 2268 mysteriorum
701 2222 785 2260 nostrae
807 2220 961 2269 redemptionis

172 2285 373 2325 excommunicavit.
389 2284 438 2332 Qua
453 2285 480 2324 de
495 2297 524 2332 re,
541 2286 594 2326 sicut
609 2297 620 2325 a
635 2285 763 2334 quibusdam
775 2286 858 2333 dicitur,
875 2286 959 2335 plurimi

172 2351 218 2390 sine
233 2351 285 2390 sacri
301 2350 434 2399 baptismatis
450 2352 618 2400 regeneratione,
641 2353 661 2391 et
682 2351 728 2391 sine
742 2351 816 2391 ultima
831 2352 961 2400 poenitentia

173 2417 237 2465 petita
252 2420 273 2457 et
288 2428 330 2457 non
346 2418 458 2465 impetrata
469 2419 531 2465 atque
542 2417 587 2456 sine
603 2418 679 2457 viatico
695 2429 782 2456 munere
800 2417 923 2457 obierunt...

227 2482 280 2522 illud
296 2482 411 2522 nefandum
427 2482 561 2522 vinculum...
573 2484 627 2522 sicut
642 2483 683 2522 iam
699 2483 760 2522 vobis
775 2483 821 2523 aliis
831 2482 904 2523 litteris
915 2484 960 2523 inti·

173 2549 254 2588 mavi...
271 2549 395 2588 auctoritate
409 2548 466 2588 sedis
481 2549 658 2597 metropolitanae
674 2549 768 2588 noscitur
782 2549 909 2589 dissolutum
919 2564 959 2596 ;....

228 2613 365 2663 Presbyteros
380 2626 431 2654 vero
446 2614 530 2654 assidue
548 2614 655 2654 decertare
672 2613 783 2654 hortentur
799 2616 819 2654 et
836 2614 920 2661 faciant,
939 2617 961 2654 ut

173 2679 260 2728 vigilare
275 2692 339 2729 super
354 2691 430 2729 greges
444 2679 484 2720 sibi
500 2680 629 2720 commissos
643 2692 686 2720 non
704 2680 820 2729 negligant¹
844 2692 870 2720 ne
887 2679 913 2720 ab
931 2681 961 2720 eis
