<?xml version="1.0" encoding="UTF-8"?>
<!DOCTYPE html PUBLIC "-//W3C//DTD XHTML 1.0 Transitional//EN"
    "http://www.w3.org/TR/xhtml1/DTD/xhtml1-transitional.dtd">
<html xmlns="http://www.w3.org/1999/xhtml" xml:lang="en" lang="en">
 <head>
  <title>
</title>
<meta http-equiv="Content-Type" content="text/html;charset=utf-8" />
  <meta name='ocr-system' content='tesseract 3.04.00' />
  <meta name='ocr-capabilities' content='ocr_page ocr_carea ocr_par ocr_line ocrx_word'/>
</head>
<body>
  <div class='ocr_page' id='page_1' title='image "MN42046ucmf_0_0048.png"; bbox 0 0 1975 3157; ppageno 0'>
   <div class='ocr_carea' id='block_1_1' title="bbox 159 117 679 158">
    <p class='ocr_par' dir='ltr' id='par_1_1' title="bbox 159 117 679 158">
     <span class='ocr_line' id='line_1_1' title="bbox 159 117 679 158; baseline -0.004 -7"><span class='ocrx_word' id='word_1_1' title='bbox 159 117 182 151; x_wconf 77' lang='lat'>24</span> <span class='ocrx_word' id='word_1_2' title='bbox 426 121 554 158; x_wconf 73' lang='lat' dir='ltr'>scnrrroaes</span> <span class='ocrx_word' id='word_1_3' title='bbox 568 121 679 150; x_wconf 78' lang='lat' dir='ltr'>errsrocne</span> 
     </span>
    </p>
   </div>
   <div class='ocr_carea' id='block_1_2' title="bbox 159 241 987 421">
    <p class='ocr_par' dir='ltr' id='par_1_2' title="bbox 159 241 987 421">
     <span class='ocr_line' id='line_1_2' title="bbox 159 241 987 290; baseline -0.002 -8"><span class='ocrx_word' id='word_1_4' title='bbox 159 242 191 282; x_wconf 89' lang='lat' dir='ltr'>vel</span> <span class='ocrx_word' id='word_1_5' title='bbox 206 242 275 282; x_wconf 78' lang='lat' dir='ltr'>viatici</span> <span class='ocrx_word' id='word_1_6' title='bbox 291 242 385 282; x_wconf 88' lang='lat' dir='ltr'>muneris</span> <span class='ocrx_word' id='word_1_7' title='bbox 407 242 540 288; x_wconf 87' lang='lat' dir='ltr'>communio,</span> <span class='ocrx_word' id='word_1_8' title='bbox 559 254 570 281; x_wconf 90' lang='lat' dir='ltr'>a</span> <span class='ocrx_word' id='word_1_9' title='bbox 588 253 629 288; x_wconf 85' lang='lat' dir='ltr'>me,</span> <span class='ocrx_word' id='word_1_10' title='bbox 648 241 680 281; x_wconf 89' lang='lat' dir='ltr'>vel</span> <span class='ocrx_word' id='word_1_11' title='bbox 698 253 709 281; x_wconf 92' lang='lat' dir='ltr'>a</span> <span class='ocrx_word' id='word_1_12' title='bbox 727 252 835 290; x_wconf 89' lang='lat' dir='ltr'>quoquam</span> <span class='ocrx_word' id='word_1_13' title='bbox 858 241 947 281; x_wconf 90' lang='lat' dir='ltr'>commi·</span> <span class='ocrx_word' id='word_1_14' title='bbox 986 256 987 259; x_wconf 44' lang='lat'>¹</span> 
     </span>
     <span class='ocr_line' id='line_1_3' title="bbox 159 306 946 356; baseline -0.003 -8"><span class='ocrx_word' id='word_1_15' title='bbox 159 309 226 348; x_wconf 90' lang='lat' dir='ltr'>nistro</span> <span class='ocrx_word' id='word_1_16' title='bbox 241 319 290 348; x_wconf 91' lang='lat' dir='ltr'>meo</span> <span class='ocrx_word' id='word_1_17' title='bbox 305 307 409 356; x_wconf 82' lang='lat' dir='ltr'>denegata</span> <span class='ocrx_word' id='word_1_18' title='bbox 424 307 493 347; x_wconf 87' lang='lat' dir='ltr'>fuere:</span> <span class='ocrx_word' id='word_1_19' title='bbox 517 307 571 346; x_wconf 92' lang='lat' dir='ltr'>sicut</span> <span class='ocrx_word' id='word_1_20' title='bbox 586 318 662 346; x_wconf 89' lang='lat' dir='ltr'>omnes</span> <span class='ocrx_word' id='word_1_21' title='bbox 684 306 704 346; x_wconf 90' lang='lat' dir='ltr'>in</span> <span class='ocrx_word' id='word_1_22' title='bbox 727 306 827 355; x_wconf 91' lang='lat' dir='ltr'>parochia</span> <span class='ocrx_word' id='word_1_23' title='bbox 843 318 889 346; x_wconf 89' lang='lat' dir='ltr'>mea</span> <span class='ocrx_word' id='word_1_24' title='bbox 904 309 946 346; x_wconf 89' lang='lat' dir='ltr'>tam</span> 
     </span>
     <span class='ocr_line' id='line_1_4' title="bbox 159 371 946 421; baseline -0.003 -8"><span class='ocrx_word' id='word_1_25' title='bbox 159 373 294 413; x_wconf 86' lang='lat' dir='ltr'>ecclesiastici</span> <span class='ocrx_word' id='word_1_26' title='bbox 310 385 374 421; x_wconf 90' lang='lat' dir='ltr'>quarn</span> <span class='ocrx_word' id='word_1_27' title='bbox 386 375 406 412; x_wconf 90' lang='lat' dir='ltr'>et</span> <span class='ocrx_word' id='word_1_28' title='bbox 416 372 541 419; x_wconf 81' lang='lat' dir='ltr'>saeculares,</span> <span class='ocrx_word' id='word_1_29' title='bbox 553 375 595 412; x_wconf 87' lang='lat' dir='ltr'>tam</span> <span class='ocrx_word' id='word_1_30' title='bbox 607 372 644 411; x_wconf 91' lang='lat' dir='ltr'>viri</span> <span class='ocrx_word' id='word_1_31' title='bbox 658 383 722 421; x_wconf 90' lang='lat' dir='ltr'>quam</span> <span class='ocrx_word' id='word_1_32' title='bbox 733 374 753 412; x_wconf 92' lang='lat' dir='ltr'>et</span> <span class='ocrx_word' id='word_1_33' title='bbox 763 371 855 411; x_wconf 89' lang='lat' dir='ltr'>feminae</span> <span class='ocrx_word' id='word_1_34' title='bbox 870 371 946 412; x_wconf 85' lang='lat' dir='ltr'>sciunt.</span> 
     </span>
    </p>
   </div>
   <div class='ocr_carea' id='block_1_3' title="bbox 209 447 536 491">
    <p class='ocr_par' dir='ltr' id='par_1_3' title="bbox 209 447 536 491">
     <span class='ocr_line' id='line_1_5' title="bbox 209 447 536 491; baseline -0.003 -8"><span class='ocrx_word' id='word_1_35' title='bbox 209 447 271 483; x_wconf 86' lang='lat' dir='ltr'>llllnnsi</span> <span class='ocrx_word' id='word_1_36' title='bbox 285 447 327 483; x_wconf 88' lang='lat' dir='ltr'>XVI</span> <span class='ocrx_word' id='word_1_37' title='bbox 341 447 385 490; x_wconf 52' lang='lat'>62&amp;</span> <span class='ocrx_word' id='word_1_38' title='bbox 399 447 429 483; x_wconf 85' lang='lat' dir='ltr'>PL</span> <span class='ocrx_word' id='word_1_39' title='bbox 443 447 482 491; x_wconf 76' lang='lat'>126,</span> <span class='ocrx_word' id='word_1_40' title='bbox 496 447 536 482; x_wconf 79' lang='lat'>612.</span> 
     </span>
    </p>
   </div>
   <div class='ocr_carea' id='block_1_4' title="bbox 537 557 575 600">
    <p class='ocr_par' dir='ltr' id='par_1_4' title="bbox 537 557 575 600">
     <span class='ocr_line' id='line_1_6' title="bbox 537 557 575 600; baseline 0.026 -1"><span class='ocrx_word' id='word_1_41' title='bbox 537 557 575 600; x_wconf 85' lang='lat'>10.</span> 
     </span>
    </p>
   </div>
   <div class='ocr_carea' id='block_1_5' title="bbox 214 661 913 711">
    <p class='ocr_par' dir='ltr' id='par_1_5' title="bbox 214 661 913 711">
     <span class='ocr_line' id='line_1_7' title="bbox 214 661 913 711; baseline -0.003 -7"><span class='ocrx_word' id='word_1_42' title='bbox 214 665 260 704; x_wconf 84' lang='grc'>878.</span> <span class='ocrx_word' id='word_1_43' title='bbox 276 663 373 703; x_wconf 79' lang='lat' dir='ltr'>Annales</span> <span class='ocrx_word' id='word_1_44' title='bbox 385 663 511 703; x_wconf 62' lang='lat' dir='ltr'>⁴fuldenses.</span> <span class='ocrx_word' id='word_1_45' title='bbox 527 662 582 702; x_wconf 83' lang='lat' dir='ltr'>Pars</span> <span class='ocrx_word' id='word_1_46' title='bbox 597 663 629 702; x_wconf 89' lang='lat' dir='ltr'>III</span> <span class='ocrx_word' id='word_1_47' title='bbox 641 662 733 703; x_wconf 75' lang='lat' dir='ltr'><em>Auctore</em></span> <span class='ocrx_word' id='word_1_48' title='bbox 746 661 913 711; x_wconf 60' lang='lat' dir='ltr'>Megrizoordot</span> 
     </span>
    </p>
   </div>
   <div class='ocr_carea' id='block_1_6' title="bbox 136 745 950 1438">
    <p class='ocr_par' dir='ltr' id='par_1_6' title="bbox 136 745 950 1438">
     <span class='ocr_line' id='line_1_8' title="bbox 214 745 948 789; baseline -0.001 -2"><span class='ocrx_word' id='word_1_49' title='bbox 214 746 339 787; x_wconf 84' lang='lat' dir='ltr'>Lantbertus</span> <span class='ocrx_word' id='word_1_50' title='bbox 355 746 447 787; x_wconf 88' lang='lat' dir='ltr'>Witonis</span> <span class='ocrx_word' id='word_1_51' title='bbox 461 746 518 785; x_wconf 89' lang='lat' dir='ltr'>filius</span> <span class='ocrx_word' id='word_1_52' title='bbox 533 748 553 786; x_wconf 90' lang='lat' dir='ltr'>et</span> <span class='ocrx_word' id='word_1_53' title='bbox 563 745 690 786; x_wconf 64' lang='lat' dir='ltr'>adalbertus</span> <span class='ocrx_word' id='word_1_54' title='bbox 710 746 813 786; x_wconf 78' lang='lat' dir='ltr'>bonifacii</span> <span class='ocrx_word' id='word_1_55' title='bbox 829 745 886 785; x_wconf 90' lang='lat' dir='ltr'>filius</span> <span class='ocrx_word' id='word_1_56' title='bbox 908 747 948 789; x_wconf 91' lang='lat' dir='ltr'>Ro-</span> 
     </span>
     <span class='ocr_line' id='line_1_9' title="bbox 161 811 949 860; baseline -0.001 -7"><span class='ocrx_word' id='word_1_57' title='bbox 161 824 217 853; x_wconf 92' lang='lat' dir='ltr'>mam</span> <span class='ocrx_word' id='word_1_58' title='bbox 236 824 284 852; x_wconf 86' lang='lat' dir='ltr'>curn</span> <span class='ocrx_word' id='word_1_59' title='bbox 296 823 360 851; x_wconf 91' lang='lat' dir='ltr'>manu</span> <span class='ocrx_word' id='word_1_60' title='bbox 371 811 440 851; x_wconf 89' lang='lat' dir='ltr'>valida</span> <span class='ocrx_word' id='word_1_61' title='bbox 451 812 539 860; x_wconf 80' lang='lat' dir='ltr'>ingressi</span> <span class='ocrx_word' id='word_1_62' title='bbox 551 813 599 851; x_wconf 89' lang='lat' dir='ltr'>sunt</span> <span class='ocrx_word' id='word_1_63' title='bbox 608 813 628 850; x_wconf 92' lang='lat' dir='ltr'>et</span> <span class='ocrx_word' id='word_1_64' title='bbox 637 811 730 851; x_wconf 88' lang='lat' dir='ltr'>iohanne</span> <span class='ocrx_word' id='word_1_65' title='bbox 739 812 836 853; x_wconf 89' lang='lat' dir='ltr'>Romano</span> <span class='ocrx_word' id='word_1_66' title='bbox 845 811 949 852; x_wconf 83' lang='lat' dir='ltr'>Pontifice</span> 
     </span>
     <span class='ocr_line' id='line_1_10' title="bbox 160 876 949 925; baseline -0.003 -7"><span class='ocrx_word' id='word_1_67' title='bbox 160 877 200 918; x_wconf 91' lang='lat' dir='ltr'>sub</span> <span class='ocrx_word' id='word_1_68' title='bbox 215 877 312 918; x_wconf 88' lang='lat' dir='ltr'>custodia</span> <span class='ocrx_word' id='word_1_69' title='bbox 327 879 409 917; x_wconf 89' lang='lat' dir='ltr'>retento</span> <span class='ocrx_word' id='word_1_70' title='bbox 424 877 538 925; x_wconf 87' lang='lat' dir='ltr'>optimates</span> <span class='ocrx_word' id='word_1_71' title='bbox 547 877 691 918; x_wconf 90' lang='lat' dir='ltr'>Romanorum</span> <span class='ocrx_word' id='word_1_72' title='bbox 704 876 827 916; x_wconf 70' lang='lat' dir='ltr'>fidelitatem</span> <span class='ocrx_word' id='word_1_73' title='bbox 839 876 949 917; x_wconf 87' lang='lat' dir='ltr'>Carlman·</span> 
     </span>
     <span class='ocr_line' id='line_1_11' title="bbox 136 938 949 991; baseline -0.001 -8"><span class='ocrx_word' id='word_1_74' title='bbox 136 979 137 982; x_wconf 72' lang='grc'>,</span> <span class='ocrx_word' id='word_1_75' title='bbox 161 955 189 983; x_wconf 92' lang='lat' dir='ltr'>no</span> <span class='ocrx_word' id='word_1_76' title='bbox 208 938 356 991; x_wconf 86' lang='lat' dir='ltr'>[sacramento]</span> <span class='ocrx_word' id='word_1_77' title='bbox 379 942 465 981; x_wconf 88' lang='lat' dir='ltr'>firmare</span> <span class='ocrx_word' id='word_1_78' title='bbox 487 939 623 987; x_wconf 74' lang='lat' dir='ltr'>(iuramento)</span> <span class='ocrx_word' id='word_1_79' title='bbox 646 944 770 990; x_wconf 79' lang='lat' dir='ltr'>coegerunt.</span> <span class='ocrx_word' id='word_1_80' title='bbox 793 939 885 988; x_wconf 90' lang='lat' dir='ltr'>Quibus</span> <span class='ocrx_word' id='word_1_81' title='bbox 900 942 949 982; x_wconf 92' lang='lat' dir='ltr'>inde</span> 
     </span>
     <span class='ocr_line' id='line_1_12' title="bbox 161 1006 949 1055; baseline -0.001 -8"><span class='ocrx_word' id='word_1_82' title='bbox 161 1007 320 1048; x_wconf 76' lang='lat' dir='ltr'>discedentibus</span> <span class='ocrx_word' id='word_1_83' title='bbox 335 1006 391 1046; x_wconf 91' lang='lat' dir='ltr'>idem</span> <span class='ocrx_word' id='word_1_84' title='bbox 407 1007 502 1055; x_wconf 80' lang='lat' dir='ltr'>pontifex</span> <span class='ocrx_word' id='word_1_85' title='bbox 517 1006 606 1054; x_wconf 89' lang='lat' dir='ltr'>domum</span> <span class='ocrx_word' id='word_1_86' title='bbox 615 1007 680 1046; x_wconf 90' lang='lat' dir='ltr'>sancti</span> <span class='ocrx_word' id='word_1_87' title='bbox 690 1006 745 1046; x_wconf 82' lang='lat' dir='ltr'>Petri</span> <span class='ocrx_word' id='word_1_88' title='bbox 755 1007 863 1055; x_wconf 78' lang='lat' dir='ltr'>ingressus</span> <span class='ocrx_word' id='word_1_89' title='bbox 873 1018 949 1047; x_wconf 90' lang='lat' dir='ltr'>omnes</span> 
     </span>
     <span class='ocr_line' id='line_1_13' title="bbox 161 1070 949 1120; baseline 0 -8"><span class='ocrx_word' id='word_1_90' title='bbox 161 1072 279 1118; x_wconf 82' lang='lat' dir='ltr'>thesauros,</span> <span class='ocrx_word' id='word_1_91' title='bbox 296 1083 351 1120; x_wconf 91' lang='lat' dir='ltr'>quos</span> <span class='ocrx_word' id='word_1_92' title='bbox 366 1071 394 1111; x_wconf 92' lang='lat' dir='ltr'>ibi</span> <span class='ocrx_word' id='word_1_93' title='bbox 410 1072 510 1119; x_wconf 84' lang='lat' dir='ltr'>repperit,</span> <span class='ocrx_word' id='word_1_94' title='bbox 527 1070 553 1110; x_wconf 85' lang='lat' dir='ltr'>ad</span> <span class='ocrx_word' id='word_1_95' title='bbox 569 1071 675 1110; x_wconf 78' lang='lat' dir='ltr'>lateranis</span> <span class='ocrx_word' id='word_1_96' title='bbox 690 1071 795 1111; x_wconf 90' lang='lat' dir='ltr'>transtulit</span> <span class='ocrx_word' id='word_1_97' title='bbox 803 1073 823 1111; x_wconf 91' lang='lat' dir='ltr'>et</span> <span class='ocrx_word' id='word_1_98' title='bbox 831 1071 895 1111; x_wconf 88' lang='lat' dir='ltr'>altare</span> <span class='ocrx_word' id='word_1_99' title='bbox 903 1082 949 1112; x_wconf 57' lang='lat' dir='ltr'>san&gt;-</span> 
     </span>
     <span class='ocr_line' id='line_1_14' title="bbox 161 1135 949 1185; baseline 0 -8"><span class='ocrx_word' id='word_1_100' title='bbox 161 1139 187 1178; x_wconf 93' lang='lat' dir='ltr'>cti</span> <span class='ocrx_word' id='word_1_101' title='bbox 204 1137 258 1177; x_wconf 85' lang='lat' dir='ltr'>Petri</span> <span class='ocrx_word' id='word_1_102' title='bbox 274 1137 343 1177; x_wconf 90' lang='lat' dir='ltr'>cilicio</span> <span class='ocrx_word' id='word_1_103' title='bbox 361 1137 473 1185; x_wconf 83' lang='lat' dir='ltr'>cooperuit</span> <span class='ocrx_word' id='word_1_104' title='bbox 489 1139 508 1175; x_wconf 92' lang='lat' dir='ltr'>et</span> <span class='ocrx_word' id='word_1_105' title='bbox 530 1138 605 1175; x_wconf 87' lang='lat' dir='ltr'>cuneta</span> <span class='ocrx_word' id='word_1_106' title='bbox 627 1135 696 1175; x_wconf 92' lang='lat' dir='ltr'>hostia</span> <span class='ocrx_word' id='word_1_107' title='bbox 718 1136 813 1176; x_wconf 89' lang='lat' dir='ltr'>eiusdem</span> <span class='ocrx_word' id='word_1_108' title='bbox 836 1137 949 1177; x_wconf 78' lang='lat' dir='ltr'>aecclesiae</span> 
     </span>
     <span class='ocr_line' id='line_1_15' title="bbox 162 1201 950 1251; baseline 0 -9"><span class='ocrx_word' id='word_1_109' title='bbox 162 1203 236 1242; x_wconf 87' lang='lat' dir='ltr'>elausit</span> <span class='ocrx_word' id='word_1_110' title='bbox 250 1202 376 1251; x_wconf 91' lang='lat' dir='ltr'>nullumque</span> <span class='ocrx_word' id='word_1_111' title='bbox 391 1201 419 1241; x_wconf 87' lang='lat' dir='ltr'>ibi</span> <span class='ocrx_word' id='word_1_112' title='bbox 435 1201 531 1241; x_wconf 86' lang='lat' dir='ltr'>officium</span> <span class='ocrx_word' id='word_1_113' title='bbox 540 1201 567 1240; x_wconf 93' lang='lat' dir='ltr'>ad</span> <span class='ocrx_word' id='word_1_114' title='bbox 575 1201 614 1240; x_wconf 91' lang='lat' dir='ltr'>Dei</span> <span class='ocrx_word' id='word_1_115' title='bbox 624 1201 703 1240; x_wconf 90' lang='lat' dir='ltr'>cultum</span> <span class='ocrx_word' id='word_1_116' title='bbox 716 1202 823 1250; x_wconf 82' lang='lat' dir='ltr'>pertinens</span> <span class='ocrx_word' id='word_1_117' title='bbox 834 1201 950 1250; x_wconf 89' lang='lat' dir='ltr'>perplures</span> 
     </span>
     <span class='ocr_line' id='line_1_16' title="bbox 162 1265 949 1316; baseline 0 -9"><span class='ocrx_word' id='word_1_118' title='bbox 162 1268 207 1308; x_wconf 87' lang='lat' dir='ltr'>dies</span> <span class='ocrx_word' id='word_1_119' title='bbox 222 1267 351 1307; x_wconf 88' lang='lat' dir='ltr'>celebratum</span> <span class='ocrx_word' id='word_1_120' title='bbox 367 1269 408 1314; x_wconf 93' lang='lat' dir='ltr'>est;</span> <span class='ocrx_word' id='word_1_121' title='bbox 425 1269 452 1313; x_wconf 90' lang='lat' dir='ltr'>et,</span> <span class='ocrx_word' id='word_1_122' title='bbox 468 1266 527 1315; x_wconf 88' lang='lat' dir='ltr'>quod</span> <span class='ocrx_word' id='word_1_123' title='bbox 543 1266 600 1306; x_wconf 88' lang='lat' dir='ltr'>dictu</span> <span class='ocrx_word' id='word_1_124' title='bbox 611 1266 669 1306; x_wconf 90' lang='lat' dir='ltr'>nefas</span> <span class='ocrx_word' id='word_1_125' title='bbox 678 1269 716 1313; x_wconf 88' lang='lat' dir='ltr'>est,</span> <span class='ocrx_word' id='word_1_126' title='bbox 726 1266 827 1306; x_wconf 90' lang='lat' dir='ltr'>omnibus</span> <span class='ocrx_word' id='word_1_127' title='bbox 838 1265 949 1316; x_wconf 85' lang='lat' dir='ltr'>(undique)</span> 
     </span>
     <span class='ocr_line' id='line_1_17' title="bbox 163 1330 950 1381; baseline 0 -9"><span class='ocrx_word' id='word_1_128' title='bbox 163 1333 211 1373; x_wconf 93' lang='lat' dir='ltr'>illuc</span> <span class='ocrx_word' id='word_1_129' title='bbox 226 1344 289 1373; x_wconf 89' lang='lat' dir='ltr'>causa</span> <span class='ocrx_word' id='word_1_130' title='bbox 311 1332 413 1372; x_wconf 88' lang='lat' dir='ltr'>orationis</span> <span class='ocrx_word' id='word_1_131' title='bbox 435 1330 569 1371; x_wconf 88' lang='lat' dir='ltr'>venientibus</span> <span class='ocrx_word' id='word_1_132' title='bbox 591 1331 708 1380; x_wconf 80' lang='lat' dir='ltr'>negabatur</span> <span class='ocrx_word' id='word_1_133' title='bbox 730 1332 827 1372; x_wconf 88' lang='lat' dir='ltr'>introitus</span> <span class='ocrx_word' id='word_1_134' title='bbox 849 1335 950 1381; x_wconf 80' lang='lat' dir='ltr'>erantque</span> 
     </span>
     <span class='ocr_line' id='line_1_18' title="bbox 163 1397 389 1438; baseline 0 -1"><span class='ocrx_word' id='word_1_135' title='bbox 163 1397 190 1438; x_wconf 91' lang='lat' dir='ltr'>ibi</span> <span class='ocrx_word' id='word_1_136' title='bbox 206 1399 278 1438; x_wconf 91' lang='lat' dir='ltr'>omnia</span> <span class='ocrx_word' id='word_1_137' title='bbox 293 1398 389 1438; x_wconf 89' lang='lat' dir='ltr'>confusa.</span> 
     </span>
    </p>
   </div>
   <div class='ocr_carea' id='block_1_7' title="bbox 121 1488 952 2480">
    <p class='ocr_par' dir='ltr' id='par_1_7' title="bbox 161 1488 950 1652">
     <span class='ocr_line' id='line_1_19' title="bbox 210 1488 950 1534; baseline 0.001 -9"><span class='ocrx_word' id='word_1_138' title='bbox 210 1490 314 1534; x_wconf 85' lang='lat' dir='ltr'>Scriptores</span> <span class='ocrx_word' id='word_1_139' title='bbox 325 1489 394 1528; x_wconf 83' lang='lat' dir='ltr'>Rerum</span> <span class='ocrx_word' id='word_1_140' title='bbox 404 1488 560 1525; x_wconf 82' lang='lat' dir='ltr'>Germanicarum</span> <span class='ocrx_word' id='word_1_141' title='bbox 569 1489 588 1523; x_wconf 91' lang='lat' dir='ltr'>in</span> <span class='ocrx_word' id='word_1_142' title='bbox 596 1499 651 1524; x_wconf 88' lang='lat' dir='ltr'>usum</span> <span class='ocrx_word' id='word_1_143' title='bbox 661 1489 769 1524; x_wconf 91' lang='lat' dir='ltr'>scholarum</span> <span class='ocrx_word' id='word_1_144' title='bbox 779 1500 803 1524; x_wconf 86' lang='lat' dir='ltr'>cx</span> <span class='ocrx_word' id='word_1_145' title='bbox 813 1490 873 1526; x_wconf 74' lang='grc' dir='ltr'>ΜΘΗ</span> <span class='ocrx_word' id='word_1_146' title='bbox 884 1490 950 1526; x_wconf 89' lang='lat' dir='ltr'>recusi.</span> 
     </span>
     <span class='ocr_line' id='line_1_20' title="bbox 163 1547 950 1593; baseline -0.001 -9"><span class='ocrx_word' id='word_1_147' title='bbox 163 1571 184 1574; x_wconf 87' lang='lat'>—</span> <span class='ocrx_word' id='word_1_148' title='bbox 198 1548 282 1584; x_wconf 77' lang='lat' dir='ltr'>Annales</span> <span class='ocrx_word' id='word_1_149' title='bbox 296 1548 406 1591; x_wconf 71' lang='lat' dir='ltr'>fuldenses,</span> <span class='ocrx_word' id='word_1_150' title='bbox 416 1550 459 1593; x_wconf 88' lang='lat' dir='ltr'>post</span> <span class='ocrx_word' id='word_1_151' title='bbox 468 1547 572 1583; x_wconf 88' lang='lat' dir='ltr'>editionem</span> <span class='ocrx_word' id='word_1_152' title='bbox 583 1547 648 1583; x_wconf 85' lang='lat' dir='ltr'>Pertzii</span> <span class='ocrx_word' id='word_1_153' title='bbox 659 1548 770 1592; x_wconf 82' lang='lat' dir='ltr'>recognovit</span> <span class='ocrx_word' id='word_1_154' title='bbox 779 1548 809 1583; x_wconf 80' lang='lat' dir='ltr'>Fr.</span> <span class='ocrx_word' id='word_1_155' title='bbox 818 1549 882 1588; x_wconf 75' lang='lat' dir='ltr'>Knrze</span> <span class='ocrx_word' id='word_1_156' title='bbox 888 1547 950 1593; x_wconf 76' lang='lat'>(1891)</span> 
     </span>
     <span class='ocr_line' id='line_1_21' title="bbox 161 1606 670 1652; baseline -0.008 -8"><span class='ocrx_word' id='word_1_157' title='bbox 161 1606 386 1651; x_wconf 69' lang='lat' dir='ltr'>91;vell³ert2,lrl0rl</span> <span class='ocrx_word' id='word_1_158' title='bbox 401 1606 466 1652; x_wconf 87' lang='lat' dir='ltr'>Script.</span> <span class='ocrx_word' id='word_1_159' title='bbox 485 1606 498 1641; x_wconf 90' lang='lat'>1.</span> <span class='ocrx_word' id='word_1_160' title='bbox 668 1648 670 1651; x_wconf 22' lang='grc' dir='ltr'><strong><em>ι</em></strong></span> 
     </span>
    </p>

    <p class='ocr_par' dir='ltr' id='par_1_8' title="bbox 164 1665 950 1761">
     <span class='ocr_line' id='line_1_22' title="bbox 211 1665 950 1712; baseline 0.001 -10"><span class='ocrx_word' id='word_1_161' title='bbox 211 1667 266 1702; x_wconf 86' lang='lat' dir='ltr'>Nota.</span> <span class='ocrx_word' id='word_1_162' title='bbox 280 1666 368 1708; x_wconf 83' lang='lat' dir='ltr'>Eundem</span> <span class='ocrx_word' id='word_1_163' title='bbox 384 1667 472 1702; x_wconf 90' lang='lat' dir='ltr'>eventum</span> <span class='ocrx_word' id='word_1_164' title='bbox 486 1666 526 1710; x_wconf 87' lang='lat' dir='ltr'>ipse</span> <span class='ocrx_word' id='word_1_165' title='bbox 544 1665 625 1701; x_wconf 89' lang='lat' dir='ltr'>loannes</span> <span class='ocrx_word' id='word_1_166' title='bbox 646 1665 688 1701; x_wconf 90' lang='lat' dir='ltr'>Viii</span> <span class='ocrx_word' id='word_1_167' title='bbox 702 1665 720 1701; x_wconf 93' lang='lat' dir='ltr'>in</span> <span class='ocrx_word' id='word_1_168' title='bbox 740 1667 827 1711; x_wconf 84' lang='lat' dir='ltr'>sequenti</span> <span class='ocrx_word' id='word_1_169' title='bbox 841 1667 921 1712; x_wconf 91' lang='lat' dir='ltr'>epistola</span> <span class='ocrx_word' id='word_1_170' title='bbox 934 1679 950 1703; x_wconf 87' lang='lat' dir='ltr'>a.</span> 
     </span>
     <span class='ocr_line' id='line_1_23' title="bbox 164 1718 668 1761; baseline 0.004 0"><span class='ocrx_word' id='word_1_171' title='bbox 164 1725 306 1761; x_wconf 65' lang='lat' dir='ltr'>ansuescente:</span> <span class='ocrx_word' id='word_1_172' title='bbox 666 1718 668 1723; x_wconf 84' lang='lat'><em>&#39;</em></span> 
     </span>
    </p>

    <p class='ocr_par' dir='ltr' id='par_1_9' title="bbox 121 1783 952 2480">
     <span class='ocr_line' id='line_1_24' title="bbox 210 1783 950 1830; baseline -0.001 -10"><span class='ocrx_word' id='word_1_173' title='bbox 210 1784 268 1830; x_wconf 82' lang='lat' dir='ltr'>Epist.</span> <span class='ocrx_word' id='word_1_174' title='bbox 282 1784 322 1820; x_wconf 71' lang='lat' dir='ltr'>ioh,</span> <span class='ocrx_word' id='word_1_175' title='bbox 335 1784 378 1820; x_wconf 92' lang='lat' dir='ltr'>Vlll</span> <span class='ocrx_word' id='word_1_176' title='bbox 389 1784 412 1819; x_wconf 88' lang='lat' dir='ltr'>ad</span> <span class='ocrx_word' id='word_1_177' title='bbox 423 1784 514 1820; x_wconf 88' lang='lat' dir='ltr'>loannem</span> <span class='ocrx_word' id='word_1_178' title='bbox 524 1783 689 1829; x_wconf 90' lang='lat' dir='ltr'>archiepiscopum</span> <span class='ocrx_word' id='word_1_179' title='bbox 700 1784 833 1823; x_wconf 87' lang='lat' dir='ltr'>Ravennatem.</span> <span class='ocrx_word' id='word_1_180' title='bbox 841 1785 907 1830; x_wconf 86' lang='lat' dir='ltr'>(Epist.</span> <span class='ocrx_word' id='word_1_181' title='bbox 914 1783 950 1830; x_wconf 75' lang='lat'>84).</span> 
     </span>
     <span class='ocr_line' id='line_1_25' title="bbox 163 1843 951 1889; baseline 0.001 -10"><span class='ocrx_word' id='word_1_182' title='bbox 163 1871 206 1878; x_wconf 89' lang='lat'>.....</span> <span class='ocrx_word' id='word_1_183' title='bbox 215 1843 273 1889; x_wconf 83' lang='lat' dir='ltr'>igitur</span> <span class='ocrx_word' id='word_1_184' title='bbox 286 1854 344 1879; x_wconf 89' lang='lat' dir='ltr'>omne</span> <span class='ocrx_word' id='word_1_185' title='bbox 358 1854 408 1888; x_wconf 89' lang='lat' dir='ltr'>pene</span> <span class='ocrx_word' id='word_1_186' title='bbox 420 1843 534 1879; x_wconf 88' lang='lat' dir='ltr'>territorium</span> <span class='ocrx_word' id='word_1_187' title='bbox 548 1843 565 1879; x_wconf 86' lang='lat' dir='ltr'>S.</span> <span class='ocrx_word' id='word_1_188' title='bbox 580 1843 628 1878; x_wconf 84' lang='lat' dir='ltr'>Petri</span> <span class='ocrx_word' id='word_1_189' title='bbox 642 1844 681 1878; x_wconf 88' lang='lat' dir='ltr'>suis</span> <span class='ocrx_word' id='word_1_190' title='bbox 694 1844 790 1889; x_wconf 85' lang='lat' dir='ltr'>tyrannice</span> <span class='ocrx_word' id='word_1_191' title='bbox 809 1844 951 1880; x_wconf 85' lang='lat' dir='ltr'>devastantibus</span> 
     </span>
     <span class='ocr_line' id='line_1_26' title="bbox 162 1900 951 1948; baseline 0.001 -10"><span class='ocrx_word' id='word_1_192' title='bbox 162 1902 279 1947; x_wconf 89' lang='lat' dir='ltr'>hominibus,</span> <span class='ocrx_word' id='word_1_193' title='bbox 293 1901 412 1948; x_wconf 85' lang='lat' dir='ltr'>[Lambertus</span> <span class='ocrx_word' id='word_1_194' title='bbox 432 1900 554 1947; x_wconf 83' lang='lat' dir='ltr'>Spoleianus]</span> <span class='ocrx_word' id='word_1_195' title='bbox 575 1912 619 1937; x_wconf 89' lang='lat' dir='ltr'>cum</span> <span class='ocrx_word' id='word_1_196' title='bbox 640 1902 734 1938; x_wconf 89' lang='lat' dir='ltr'>immensa</span> <span class='ocrx_word' id='word_1_197' title='bbox 755 1903 951 1948; x_wconf 87' lang='lat' dir='ltr'>populimultitudine</span> 
     </span>
     <span class='ocr_line' id='line_1_27' title="bbox 163 1962 951 2007; baseline 0 -8"><span class='ocrx_word' id='word_1_198' title='bbox 163 1963 243 2001; x_wconf 84' lang='lat' dir='ltr'>Romam</span> <span class='ocrx_word' id='word_1_199' title='bbox 257 1962 316 1998; x_wconf 92' lang='lat' dir='ltr'>venit:</span> <span class='ocrx_word' id='word_1_200' title='bbox 330 1973 365 1998; x_wconf 90' lang='lat' dir='ltr'>nos</span> <span class='ocrx_word' id='word_1_201' title='bbox 378 1963 441 1998; x_wconf 91' lang='lat' dir='ltr'>autem</span> <span class='ocrx_word' id='word_1_202' title='bbox 455 1962 508 1997; x_wconf 88' lang='lat' dir='ltr'>illum</span> <span class='ocrx_word' id='word_1_203' title='bbox 521 1962 575 2007; x_wconf 90' lang='lat' dir='ltr'>quasi</span> <span class='ocrx_word' id='word_1_204' title='bbox 589 1962 678 1997; x_wconf 87' lang='lat' dir='ltr'>dilectum</span> <span class='ocrx_word' id='word_1_205' title='bbox 698 1963 781 1998; x_wconf 88' lang='lat' dir='ltr'>amicum</span> <span class='ocrx_word' id='word_1_206' title='bbox 803 1963 853 2007; x_wconf 88' lang='lat' dir='ltr'>apud</span> <span class='ocrx_word' id='word_1_207' title='bbox 874 1964 951 1999; x_wconf 89' lang='lat' dir='ltr'>beatum</span> 
     </span>
     <span class='ocr_line' id='line_1_28' title="bbox 164 2020 951 2069; baseline 0.003 -13"><span class='ocrx_word' id='word_1_208' title='bbox 164 2022 240 2057; x_wconf 84' lang='lat' dir='ltr'>Petrum</span> <span class='ocrx_word' id='word_1_209' title='bbox 254 2022 385 2067; x_wconf 90' lang='lat' dir='ltr'>apostolorum</span> <span class='ocrx_word' id='word_1_210' title='bbox 405 2021 510 2066; x_wconf 85' lang='lat' dir='ltr'>principem</span> <span class='ocrx_word' id='word_1_211' title='bbox 532 2020 638 2056; x_wconf 78' lang='lat' dir='ltr'>honorifice</span> <span class='ocrx_word' id='word_1_212' title='bbox 660 2020 774 2066; x_wconf 89' lang='lat' dir='ltr'>recepimus:</span> <span class='ocrx_word' id='word_1_213' title='bbox 796 2022 829 2057; x_wconf 92' lang='lat' dir='ltr'>sed</span> <span class='ocrx_word' id='word_1_214' title='bbox 844 2023 884 2067; x_wconf 91' lang='lat' dir='ltr'>ipse</span> <span class='ocrx_word' id='word_1_215' title='bbox 898 2023 951 2069; x_wconf 90' lang='lat' dir='ltr'>quasi</span> 
     </span>
     <span class='ocr_line' id='line_1_29' title="bbox 163 2080 951 2127; baseline 0.001 -11"><span class='ocrx_word' id='word_1_216' title='bbox 163 2080 207 2116; x_wconf 86' lang='lat' dir='ltr'>ovili</span> <span class='ocrx_word' id='word_1_217' title='bbox 220 2081 269 2125; x_wconf 91' lang='lat' dir='ltr'>pelle</span> <span class='ocrx_word' id='word_1_218' title='bbox 282 2080 365 2124; x_wconf 85' lang='lat' dir='ltr'>indutus,</span> <span class='ocrx_word' id='word_1_219' title='bbox 379 2080 434 2116; x_wconf 89' lang='lat' dir='ltr'>solita</span> <span class='ocrx_word' id='word_1_220' title='bbox 447 2080 529 2126; x_wconf 89' lang='lat' dir='ltr'>repletus</span> <span class='ocrx_word' id='word_1_221' title='bbox 539 2080 628 2126; x_wconf 85' lang='lat' dir='ltr'>nequitia,</span> <span class='ocrx_word' id='word_1_222' title='bbox 638 2091 756 2126; x_wconf 88' lang='lat' dir='ltr'>munereqrre</span> <span class='ocrx_word' id='word_1_223' title='bbox 765 2082 865 2127; x_wconf 90' lang='lat' dir='ltr'>corruptus</span> <span class='ocrx_word' id='word_1_224' title='bbox 874 2082 951 2127; x_wconf 80' lang='lat' dir='ltr'>ingenii,</span> 
     </span>
     <span class='ocr_line' id='line_1_30' title="bbox 163 2139 952 2185; baseline 0.003 -10"><span class='ocrx_word' id='word_1_225' title='bbox 163 2141 229 2175; x_wconf 90' lang='lat' dir='ltr'>eontra</span> <span class='ocrx_word' id='word_1_226' title='bbox 242 2150 278 2175; x_wconf 89' lang='lat' dir='ltr'>nos</span> <span class='ocrx_word' id='word_1_227' title='bbox 290 2140 389 2185; x_wconf 82' lang='lat' dir='ltr'>insurgere</span> <span class='ocrx_word' id='word_1_228' title='bbox 402 2150 441 2175; x_wconf 90' lang='lat' dir='ltr'>non</span> <span class='ocrx_word' id='word_1_229' title='bbox 456 2139 553 2175; x_wconf 89' lang='lat' dir='ltr'>dubitavit.</span> <span class='ocrx_word' id='word_1_230' title='bbox 567 2139 617 2175; x_wconf 91' lang='lat' dir='ltr'>Nam</span> <span class='ocrx_word' id='word_1_231' title='bbox 631 2141 695 2185; x_wconf 88' lang='lat' dir='ltr'>portas</span> <span class='ocrx_word' id='word_1_232' title='bbox 708 2140 787 2176; x_wconf 88' lang='lat' dir='ltr'>civitatis</span> <span class='ocrx_word' id='word_1_233' title='bbox 801 2141 898 2180; x_wconf 83' lang='lat' dir='ltr'>Romanae</span> <span class='ocrx_word' id='word_1_234' title='bbox 912 2141 952 2177; x_wconf 92' lang='lat' dir='ltr'>vio·</span> 
     </span>
     <span class='ocr_line' id='line_1_31' title="bbox 163 2198 952 2245; baseline 0.003 -11"><span class='ocrx_word' id='word_1_235' title='bbox 163 2199 227 2243; x_wconf 82' lang='lat' dir='ltr'>lenter,</span> <span class='ocrx_word' id='word_1_236' title='bbox 241 2199 301 2235; x_wconf 91' lang='lat' dir='ltr'>immo</span> <span class='ocrx_word' id='word_1_237' title='bbox 314 2198 443 2235; x_wconf 82' lang='lat' dir='ltr'>fraudulenter</span> <span class='ocrx_word' id='word_1_238' title='bbox 456 2199 512 2244; x_wconf 74' lang='lat' dir='ltr'>cepit,</span> <span class='ocrx_word' id='word_1_239' title='bbox 525 2200 624 2244; x_wconf 87' lang='lat' dir='ltr'>totamque</span> <span class='ocrx_word' id='word_1_240' title='bbox 637 2199 704 2235; x_wconf 92' lang='lat' dir='ltr'>urbem</span> <span class='ocrx_word' id='word_1_241' title='bbox 721 2199 811 2244; x_wconf 81' lang='lat' dir='ltr'>Romam;</span> <span class='ocrx_word' id='word_1_242' title='bbox 824 2211 846 2235; x_wconf 92' lang='lat' dir='ltr'>ac</span> <span class='ocrx_word' id='word_1_243' title='bbox 865 2211 899 2245; x_wconf 89' lang='lat' dir='ltr'>per</span> <span class='ocrx_word' id='word_1_244' title='bbox 911 2200 952 2236; x_wconf 91' lang='lat' dir='ltr'>dies</span> 
     </span>
     <span class='ocr_line' id='line_1_32' title="bbox 121 2255 952 2304; baseline 0.002 -11"><span class='ocrx_word' id='word_1_245' title='bbox 121 2264 124 2269; x_wconf 83' lang='lat'><em>·</em></span> <span class='ocrx_word' id='word_1_246' title='bbox 163 2258 255 2303; x_wconf 89' lang='lat' dir='ltr'>plurimos</span> <span class='ocrx_word' id='word_1_247' title='bbox 268 2258 356 2294; x_wconf 90' lang='lat' dir='ltr'>homines</span> <span class='ocrx_word' id='word_1_248' title='bbox 369 2268 415 2294; x_wconf 90' lang='lat' dir='ltr'>suos</span> <span class='ocrx_word' id='word_1_249' title='bbox 428 2257 453 2294; x_wconf 89' lang='lat' dir='ltr'>ita</span> <span class='ocrx_word' id='word_1_250' title='bbox 466 2258 535 2293; x_wconf 87' lang='lat' dir='ltr'>arctius</span> <span class='ocrx_word' id='word_1_251' title='bbox 548 2255 627 2293; x_wconf 80' lang='lat' dir='ltr'>retinere</span> <span class='ocrx_word' id='word_1_252' title='bbox 640 2258 689 2302; x_wconf 86' lang='lat' dir='ltr'>fecit,</span> <span class='ocrx_word' id='word_1_253' title='bbox 703 2259 723 2293; x_wconf 89' lang='lat' dir='ltr'>ut</span> <span class='ocrx_word' id='word_1_254' title='bbox 736 2269 798 2303; x_wconf 90' lang='lat' dir='ltr'>neque</span> <span class='ocrx_word' id='word_1_255' title='bbox 812 2269 900 2304; x_wconf 88' lang='lat' dir='ltr'>proceres</span> <span class='ocrx_word' id='word_1_256' title='bbox 917 2260 952 2298; x_wconf 87' lang='lat' dir='ltr'>Ro-</span> 
     </span>
     <span class='ocr_line' id='line_1_33' title="bbox 163 2317 951 2364; baseline 0.001 -11"><span class='ocrx_word' id='word_1_257' title='bbox 163 2328 270 2362; x_wconf 66' lang='lat' dir='ltr'>manorum,</span> <span class='ocrx_word' id='word_1_258' title='bbox 284 2328 318 2353; x_wconf 93' lang='lat' dir='ltr'>nec</span> <span class='ocrx_word' id='word_1_259' title='bbox 332 2317 417 2364; x_wconf 91' lang='lat' dir='ltr'>episcopi</span> <span class='ocrx_word' id='word_1_260' title='bbox 431 2318 449 2353; x_wconf 92' lang='lat' dir='ltr'>et</span> <span class='ocrx_word' id='word_1_261' title='bbox 462 2317 576 2361; x_wconf 87' lang='lat' dir='ltr'>sacerdotes,</span> <span class='ocrx_word' id='word_1_262' title='bbox 590 2328 653 2362; x_wconf 88' lang='lat' dir='ltr'>neque</span> <span class='ocrx_word' id='word_1_263' title='bbox 666 2317 722 2353; x_wconf 89' lang='lat' dir='ltr'>etiam</span> <span class='ocrx_word' id='word_1_264' title='bbox 736 2317 837 2353; x_wconf 76' lang='lat' dir='ltr'>familiares</span> <span class='ocrx_word' id='word_1_265' title='bbox 851 2319 909 2354; x_wconf 87' lang='lat' dir='ltr'>nostri</span> <span class='ocrx_word' id='word_1_266' title='bbox 927 2319 951 2354; x_wconf 90' lang='lat' dir='ltr'>ad</span> 
     </span>
     <span class='ocr_line' id='line_1_34' title="bbox 162 2377 952 2422; baseline 0.001 -9"><span class='ocrx_word' id='word_1_267' title='bbox 162 2388 198 2413; x_wconf 91' lang='lat' dir='ltr'>nos</span> <span class='ocrx_word' id='word_1_268' title='bbox 217 2378 253 2413; x_wconf 94' lang='lat' dir='ltr'>nisi</span> <span class='ocrx_word' id='word_1_269' title='bbox 274 2377 357 2413; x_wconf 82' lang='lat' dir='ltr'>maxima</span> <span class='ocrx_word' id='word_1_270' title='bbox 376 2377 516 2422; x_wconf 89' lang='lat' dir='ltr'>supplicatione</span> <span class='ocrx_word' id='word_1_271' title='bbox 529 2377 613 2412; x_wconf 85' lang='lat' dir='ltr'>exeundi</span> <span class='ocrx_word' id='word_1_272' title='bbox 630 2377 737 2412; x_wconf 86' lang='lat' dir='ltr'>facultatem</span> <span class='ocrx_word' id='word_1_273' title='bbox 760 2377 856 2413; x_wconf 87' lang='lat' dir='ltr'>haberent.</span> <span class='ocrx_word' id='word_1_274' title='bbox 876 2377 952 2414; x_wconf 89' lang='lat' dir='ltr'>Cibaria</span> 
     </span>
     <span class='ocr_line' id='line_1_35' title="bbox 163 2435 951 2480; baseline 0.003 -9"><span class='ocrx_word' id='word_1_275' title='bbox 163 2436 218 2471; x_wconf 90' lang='lat' dir='ltr'>etiam</span> <span class='ocrx_word' id='word_1_276' title='bbox 232 2437 296 2472; x_wconf 90' lang='lat' dir='ltr'>nostra</span> <span class='ocrx_word' id='word_1_277' title='bbox 309 2436 365 2472; x_wconf 89' lang='lat' dir='ltr'>nobis</span> <span class='ocrx_word' id='word_1_278' title='bbox 378 2436 442 2472; x_wconf 90' lang='lat' dir='ltr'>venire</span> <span class='ocrx_word' id='word_1_279' title='bbox 455 2435 590 2471; x_wconf 88' lang='lat' dir='ltr'>instantissime</span> <span class='ocrx_word' id='word_1_280' title='bbox 608 2435 740 2480; x_wconf 87' lang='lat' dir='ltr'>prohibebant.</span> <span class='ocrx_word' id='word_1_281' title='bbox 762 2436 886 2472; x_wconf 88' lang='lat' dir='ltr'>Venerabiles</span> <span class='ocrx_word' id='word_1_282' title='bbox 907 2438 951 2473; x_wconf 90' lang='lat' dir='ltr'>item</span> 
     </span>
    </p>
   </div>
   <div class='ocr_carea' id='block_1_8' title="bbox 163 2494 952 2600">
    <p class='ocr_par' dir='ltr' id='par_1_10' title="bbox 163 2494 952 2600">
     <span class='ocr_line' id='line_1_36' title="bbox 163 2494 952 2542; baseline 0.003 -13"><span class='ocrx_word' id='word_1_283' title='bbox 163 2494 271 2540; x_wconf 83' lang='lat' dir='ltr'>episcopos,</span> <span class='ocrx_word' id='word_1_284' title='bbox 284 2495 405 2541; x_wconf 89' lang='lat' dir='ltr'>presbyteros</span> <span class='ocrx_word' id='word_1_285' title='bbox 418 2496 474 2541; x_wconf 89' lang='lat' dir='ltr'>atque</span> <span class='ocrx_word' id='word_1_286' title='bbox 488 2494 580 2530; x_wconf 89' lang='lat' dir='ltr'>diaconos</span> <span class='ocrx_word' id='word_1_287' title='bbox 598 2494 698 2540; x_wconf 81' lang='lat' dir='ltr'>religiosos</span> <span class='ocrx_word' id='word_1_288' title='bbox 708 2495 814 2531; x_wconf 90' lang='lat' dir='ltr'>monachos</span> <span class='ocrx_word' id='word_1_289' title='bbox 823 2506 867 2531; x_wconf 87' lang='lat' dir='ltr'>cum</span> <span class='ocrx_word' id='word_1_290' title='bbox 877 2496 952 2542; x_wconf 88' lang='lat' dir='ltr'>hymnis</span> 
     </span>
     <span class='ocr_line' id='line_1_37' title="bbox 163 2553 952 2600; baseline 0.003 -11"><span class='ocrx_word' id='word_1_291' title='bbox 163 2556 181 2589; x_wconf 91' lang='lat' dir='ltr'>et</span> <span class='ocrx_word' id='word_1_292' title='bbox 194 2554 270 2590; x_wconf 87' lang='lat' dir='ltr'>canticis</span> <span class='ocrx_word' id='word_1_293' title='bbox 284 2554 418 2600; x_wconf 85' lang='lat' dir='ltr'>spiritualibus,</span> <span class='ocrx_word' id='word_1_294' title='bbox 431 2554 528 2599; x_wconf 85' lang='lat' dir='ltr'>sacrisque</span> <span class='ocrx_word' id='word_1_295' title='bbox 542 2553 609 2589; x_wconf 86' lang='lat' dir='ltr'>litaniis</span> <span class='ocrx_word' id='word_1_296' title='bbox 622 2554 646 2589; x_wconf 93' lang='lat' dir='ltr'>ad</span> <span class='ocrx_word' id='word_1_297' title='bbox 660 2554 759 2589; x_wconf 88' lang='lat' dir='ltr'>ecclesiam</span> <span class='ocrx_word' id='word_1_298' title='bbox 773 2554 862 2600; x_wconf 89' lang='lat' dir='ltr'>principis</span> <span class='ocrx_word' id='word_1_299' title='bbox 876 2557 952 2600; x_wconf 88' lang='lat' dir='ltr'>aposto-</span> 
     </span>
    </p>
   </div>
   <div class='ocr_carea' id='block_1_9' title="bbox 212 2660 657 2705">
    <p class='ocr_par' dir='ltr' id='par_1_11' title="bbox 212 2660 657 2705">
     <span class='ocr_line' id='line_1_38' title="bbox 212 2660 657 2705; baseline -0.002 -9"><span class='ocrx_word' id='word_1_300' title='bbox 212 2661 216 2682; x_wconf 89' lang='lat'>¹</span> <span class='ocrx_word' id='word_1_301' title='bbox 231 2660 260 2697; x_wconf 86' lang='lat' dir='ltr'>Cf.</span> <span class='ocrx_word' id='word_1_302' title='bbox 273 2661 399 2698; x_wconf 86' lang='lat' dir='ltr'>Wattenbach</span> <span class='ocrx_word' id='word_1_303' title='bbox 413 2662 419 2697; x_wconf 96' lang='lat' dir='ltr'>l</span> <span class='ocrx_word' id='word_1_304' title='bbox 434 2661 477 2705; x_wconf 80' lang='grc'>249;</span> <span class='ocrx_word' id='word_1_305' title='bbox 492 2660 583 2697; x_wconf 86' lang='lat' dir='ltr'>Manitius</span> <span class='ocrx_word' id='word_1_306' title='bbox 597 2662 603 2697; x_wconf 96' lang='lat' dir='ltr'>l</span> <span class='ocrx_word' id='word_1_307' title='bbox 617 2661 657 2697; x_wconf 79' lang='lat'>673.</span> 
     </span>
    </p>
   </div>
   <div class='ocr_carea' id='block_1_10' title="bbox 0 0 996 3157">
    <p class='ocr_par' dir='ltr' id='par_1_12' title="bbox 0 0 996 3157">
     <span class='ocr_line' id='line_1_39' title="bbox 0 0 996 3157; baseline 0 0"><span class='ocrx_word' id='word_1_308' title='bbox 0 0 996 3157; x_wconf 95' lang='lat' dir='ltr'> </span> 
     </span>
    </p>
   </div>
  </div>
 </body>
</html>
