1975 3157
140 186 163 220 54
408 192 536 227 scarrione&
550 191 661 220 epistotae

140 312 230 361 spiritui.
246 311 328 352 Suaesit
343 312 399 352 enim
416 311 481 361 llugo
496 311 553 351 iilius
568 311 664 352 Gervasii
681 313 768 360 propter
783 311 882 352 violatam
893 324 927 361 pa·
972 299 987 347 'ss

141 389 186 417 cem
202 389 224 418 se
240 389 285 418 esse
301 378 377 417 iniuste
394 378 610 423 excommunicatum,
626 379 647 417 et
656 379 723 417 terrae
735 376 799 426 patris
809 377 840 417 sui
852 377 928 426 injuste

141 443 236 483 divinum
252 443 348 483 oiiicium
357 455 410 483 -esse
426 442 568 489 interdictum,
585 443 634 489 quia
649 443 699 482 dicit
710 454 734 482 ca
745 442 779 482 die
789 454 830 492 qua
841 444 928 483 vocatus

142 511 185 549 erat
199 508 225 549 ad
240 509 350 558 justitiam,
366 520 388 548 se
403 521 414 548 a
430 508 519 549 domino
535 520 584 557 rege
599 519 638 548 suo
654 508 718 548 luisse
733 508 851 549 detentum.
867 507 928 555 Quae

141 575 248 615 excusatio
263 575 364 614 adversus
380 586 454 623 pacem
469 574 569 614 violatam
585 574 641 624 apud
663 586 703 614 nos
725 573 803 614 nullius
825 574 927 614 momenti
976 625 985 634 st

141 643 179 687 est,
196 641 245 689 quia
261 652 296 680 rex
311 643 331 680 et
346 641 444 690 princeps
459 639 513 679 hanc
528 640 633 680 licentiam
650 640 753 680 dederunt
764 639 866 679 militibus
876 640 927 686 suis,

141 708 163 746 ut
180 706 300 746 absolutam
324 706 448 746 fidelitatem
472 704 565 752 iurarent
589 706 635 754 paci
651 708 671 745 et
685 706 770 754 justitiis
794 706 851 754 pacis
876 705 929 745 inira

141 774 222 821 septem
239 771 291 818 dies,
308 771 386 820 quibus
401 772 475 811 monili
491 774 561 816 essent
576 783 598 811 se
613 774 714 811 venturos
731 771 757 811 ad
767 770 877 818 iustitiam,
889 771 928 811 nisi

141 849 179 877 eos
194 837 296 877 detineret
311 839 346 876 aut
362 837 441 886 proprii
457 837 554 885 corporis
569 836 698 883 invaletudo,
715 839 750 876 aut
769 837 868 885 propriae
883 847 929 885 per·

141 914 206 942 sonae
217 902 309 942 violenta
325 901 426 948 detentio,
443 913 482 942 nec
497 913 546 951 rege
562 904 650 951 excepto
666 913 705 941 nec
720 901 817 941 domino.
834 901 897 942 Unde
911 901 928 941 si

142 970 285 1016 praetaxatum
301 967 417 1016 Hugonem
433 967 478 1007 sine
498 967 641 1007 satisfactione
663 966 804 1016 absolverem,
828 966 929 1007 haberent

142 1045 176 1072 me
192 1032 314 1082 parochiani
331 1033 371 1072 mei
387 1033 441 1072 sicut
456 1032 563 1072 ethnicum
579 1035 599 1072 et
617 1031 762 1081 publicanum,
778 1034 798 1071 el
814 1031 848 1071 ille
870 1032 929 1080 cujus
980 1020 987 1065 f

142 1097 198 1138 bona
213 1097 307 1147 diripuit,
331 1098 439 1147 usquead
461 1098 602 1138 novissimum
625 1097 771 1146 quadrantem
786 1099 855 1150 totum
870 1097 929 1146 quod

142 1163 212 1203 amisit
227 1175 238 1203 a
253 1175 287 1203 me
303 1165 413 1213 repeteret,
430 1165 450 1203 et
465 1163 491 1203 de
506 1175 540 1203 me
556 1165 576 1203 et
591 1163 617 1202 de
632 1163 685 1202 meis
700 1162 866 1212 quamgravius
881 1174 929 1211 pos·

143 1230 174 1268 set
189 1228 290 1268 talionem
306 1229 424 1277 exigeret...
982 1215 984 1238 i

192 1302 221 1338 et
236 1303 275 1347 roa,
288 1304 328 1339 aro.

520 1426 559 1469 50.

198 1525 255 1566 1096.
271 1526 383 1566 Decretum
393 1525 485 1566 Bosonis
495 1523 648 1575 archiepiscopi
658 1526 830 1566 Tarontusiensis
837 1523 928 1573 (Tarun-

142 1591 202 1640 taise,
225 1589 320 1640 Savope).
349 1591 402 1631 Unit
424 1591 531 1631 ecclesium
554 1590 585 1630 St.
610 1591 694 1631 Murtin
709 1590 735 1631 de
755 1592 860 1631 Moutiers
884 1603 930 1632 curn
986 1596 987 1627 ἓ

141 1656 239 1696 coenobio
255 1656 393 1697 cluniacensi
407 1657 531 1697 Nuntuensi
545 1653 662 1704 (Nantua).

195 1745 216 1786 Si
231 1746 406 1796 archiepiscopus
421 1747 479 1786 omni
495 1745 692 1795 ureniepiscoparui
710 1758 750 1786 suo
761 1746 856 1786 divinum
868 1747 930 1786 inter-

143 1811 217 1852 dixerit
232 1802 336 1859 oiiicium,
353 1812 391 1861 ipsi
413 1811 511 1852 monachi
532 1813 552 1851 in
576 1812 662 1861 privatis
684 1811 759 1852 diebus
773 1803 868 1852 Missam
891 1824 930 1861 pro

142 1876 247 1917 defunctis
261 1877 383 1924 cantabunt,
400 1878 420 1917 in
436 1877 512 1917 diebus
527 1880 596 1917 autem
612 1877 671 1917 iestis
685 1877 729 1917 sive
745 1877 871 1924 Dominicis,
883 1889 929 1918 eam

142 1954 196 1991 quae
211 1943 237 1982 ad
253 1943 309 1983 diem
326 1944 456 1992 pertinuerit,
473 1944 601 1992 signumque
617 1954 659 1982 non
673 1942 787 1989 sonabunt,
804 1954 872 1992 neque
883 1955 929 1984 eam

142 2008 218 2057 aliquis
233 2008 304 2049 audiet
321 2009 359 2049 nisi
375 2011 457 2049 tantum
472 2008 552 2048 familia
569 2020 652 2048 eorum.

189 2089 228 2124 Mr.
242 2090 319 2133 Bessan,
333 2088 437 2125 Memoires
450 2101 468 2135 p.
482 2089 537 2125 l'hist.
551 2090 595 2125 eccl.
609 2090 643 2125 des
656 2089 705 2125 dioc.
724 2090 747 2124 de
763 2088 847 2134 uenere,
861 2089 931 2125 Taran-

142 2148 188 2184 taise
202 2150 236 2184 etc.
250 2148 325 2194 (Nancy
339 2148 393 2194 1759)
406 2160 424 2195 p.
437 2150 478 2185 348.

468 2270 470 2273 ’
519 2284 558 2345 51.

196 2396 214 2424 c.
233 2383 429 2425 immurmuro
448 2365 600 2424 Vindocinense
610 2381 744 2431 (Vendrime).
757 2384 879 2435 &aufridus
889 2385 930 2434 api-

142 2461 218 2498 scopus
232 2448 395 2499 Andagavensis
409 2447 514 2499 (Angers)
529 2450 636 2490 ecclesiam
651 2450 807 2490 Musiacensern
822 2447 930 2498 (Marsae)

142 2515 254 2555 interdicto
272 2515 380 2564 supponit.

196 2604 314 2645 Gauiridus
325 2604 363 2645 Dei
375 2605 441 2653 gratia
452 2604 638 2654 Andegavensium
650 2603 749 2654 lungers)
761 2606 875 2655 episcopus
886 2606 931 2645 uni-

142 2671 208 2710 versis
222 2673 306 2710 sanctae
322 2671 360 2710 Dei
372 2671 473 2711 ecclesiae
484 2671 583 2711 fidelihus
595 2682 668 2720 pacem
680 2673 700 2711 et
710 2671 812 2720 quietem.
825 2670 929 2711 Omnium

143 2736 292 2785 religiosorum
308 2736 444 2776 devotionem
463 2737 526 2777 latere
550 2737 658 2784 nolumus,
682 2737 740 2786 quod
762 2749 810 2777 cum
833 2737 931 2776 Domnus
