1975 3157
427 132 680 169 semermeseprsromc

538 285 576 327 14.

214 398 260 437 091.
276 396 328 437 Alia
338 396 435 446 formula
449 376 523 438 Sullae
536 408 568 446 ep.
584 396 610 436 dc
620 397 691 437 eadem
701 409 730 437 re.

216 485 277 526 ...Ob
293 486 334 526 lroc
349 487 413 535 igitur
427 498 468 535 ego
483 485 538 526 Salla
554 486 661 535 indignus,
678 498 720 526 non
736 487 789 526 meis
804 487 891 534 meritis,
910 486 948 526 sed

161 554 212 591 nutu
235 552 274 591 Dei
297 552 423 601 Episcopus,
443 554 499 591 tanta
514 552 586 591 audita
602 555 724 591 sanctorum
743 554 825 601 patrum
842 563 947 591 canonum

162 618 255 657 instituta
270 629 318 657 curn
329 629 435 657 consensu
446 619 466 657 et
477 617 584 657 adiutorio
595 616 674 657 Domni
686 617 760 657 Vivani
771 616 948 657 Barchinonensis

162 683 270 732 Episcopi,
286 695 323 722 seu
338 684 401 722 etiam
417 682 496 722 Domni
512 682 611 722 Aimerici
631 683 739 732 Episcopi,
757 694 805 722 cum
828 681 949 723 Canonico-

161 759 208 787 rum
223 751 243 788 et
258 748 393 788 sacerdotum
409 751 530 787 nostrorum
546 759 629 787 necnon
645 750 665 787 et
680 747 799 787 Abbatibus
821 748 853 787 vel
876 759 948 787 mona-

161 813 250 853 chorum
265 813 374 862 suffragia,
390 814 472 853 accensi
487 812 575 852 tlamma
592 812 682 862 Spiritus
701 812 779 859 Sancti,
803 814 948 853 excommuni-
968 836 970 838 >

161 890 234 918 camus
251 880 314 927 atque
332 878 444 926 alligamus
465 890 551 918 omnem
574 879 722 927 episcopatum
745 877 895 918 Cerdaniensis
916 878 949 918 vel

162 943 331 983 Berchitanensis
353 944 378 983 ad
400 943 483 984 Patrem
506 947 526 983 et
548 943 623 983 filium
646 947 666 983 et
688 943 788 992 Spiritum
806 946 911 991 sanctum,
929 946 949 983 et

162 1020 237 1048 omnes
253 1009 364 1056 Ecclesias,
381 1021 434 1058 quae
450 1010 470 1048 in
487 1009 555 1049 dictos
570 1010 684 1049 comitatus
698 1013 754 1056 sunt,
771 1011 813 1048 tarn
825 1010 949 1058 praecipuas

162 1086 225 1123 quam
241 1074 393 1123 suffraganeas,
410 1075 445 1123 qui
462 1075 515 1113 intra
530 1075 575 1113 eius
590 1074 691 1114 termines
705 1078 761 1121 sunt,
778 1077 800 1114 ut
815 1087 858 1114 non
874 1074 950 1114 habeat

163 1140 241 1179 ibidem
257 1140 338 1179 nullum
354 1141 494 1179 ministerium
513 1140 643 1180 sacerdotale
658 1140 745 1187 tactum,
762 1141 801 1179 nisi
820 1152 857 1189 per
878 1142 950 1180 nostra

163 1206 248 1254 propria
263 1206 378 1252 voluntate,
395 1208 430 1244 aut
445 1217 482 1254 per
493 1208 564 1245 nostra
575 1207 661 1254 propria
672 1205 780 1245 voluntate
791 1206 817 1245 de
828 1205 879 1245 teria
890 1206 950 1245 tertia

163 1274 210 1319 post
233 1271 368 1310 Dominicam
391 1272 481 1319 primam
497 1271 523 1310 de
546 1270 709 1319 quadragesima
732 1272 814 1311 inantea
836 1282 950 1319 usquequo

163 1336 283 1384 praedictus
300 1336 440 1385 Episcopatus
450 1336 549 1376 redditus
560 1337 586 1375 sit
601 1336 627 1376 ad
643 1339 714 1376 sancta
729 1337 796 1376 llllaria
811 1339 831 1376 et
846 1337 867 1376 in
878 1339 950 1376 nostra

163 1403 189 1441 sit
205 1405 307 1450 potestate
325 1414 373 1441 cum
392 1402 448 1451 ipsas
470 1401 592 1451 parrochias
608 1403 666 1450 quod
681 1402 744 1442 nobis
766 1402 897 1441 abstulerunt
917 1401 949 1442 vel

163 1470 278 1516 rapuerunt
288 1470 308 1507 et
318 1480 366 1507 cum
383 1469 441 1516 ipsos
456 1467 540 1507 oblatos
555 1468 590 1516 oui
607 1467 682 1507 exinde
698 1468 799 1507 exierunt.

216 1533 367 1573 Verumtamen
383 1534 453 1573 sciatis
468 1534 517 1581 quia
533 1534 578 1582 ipsa
595 1532 711 1573 Comitissa
733 1533 879 1582 Ermengardo
902 1545 949 1573 cum

162 1598 224 1641 tilios..
234 1602 254 1638 et
268 1598 323 1638 filias
337 1610 386 1638 suas
403 1610 442 1638 nec
464 1599 682 1645 excommunicamus,
706 1610 744 1638 nec
766 1598 844 1638 nullius
865 1598 950 1638 vinculo

163 1665 277 1703 canonicae
293 1663 435 1703 damnationis
450 1666 523 1704 contra
538 1675 575 1703 eos
592 1663 689 1710 tacimus,
712 1664 749 1703 sed
772 1666 853 1703 tantum
876 1675 951 1703 omnes

163 1729 261 1769 homines
276 1733 318 1769 tam
334 1729 430 1769 Clericos
445 1741 508 1779 quam
525 1729 598 1769 laicos
614 1730 648 1777 qui
664 1728 719 1768 hanc
734 1728 835 1768 malitiam
849 1732 951 1769 tractave-

164 1795 204 1834 rint
218 1795 319 1835 adversus
331 1798 403 1835 sancta
418 1794 457 1834 Dei
474 1794 574 1841 Ecclesia,
591 1798 611 1835 et
626 1795 738 1835 consilium
751 1794 855 1834 dederunt
869 1797 889 1834 et
904 1795 950 1843 ipsa

163 1860 278 1900 Comitissa
294 1863 314 1900 et
328 1860 386 1901 lilios
400 1872 451 1900 suos
467 1860 493 1900 de
508 1860 564 1900 hunc
579 1860 695 1900 maximum
712 1863 830 1910 peccatum,
847 1863 867 1900 et
885 1863 951 1901 vasta-

163 1928 220 1965 tores
234 1926 319 1966 tuerunt
333 1929 396 1975 atque
411 1929 506 1975 raptores
517 1929 537 1965 et
547 1926 679 1966 fraudatores
694 1926 726 1966 vel
741 1926 837 1975 sacrilegi
849 1929 871 1965 'et
885 1926 950 1973 tures,

164 1992 217 2031 sicut
233 1992 283 2031 luda
300 1992 404 2040 proditor.

211 2066 298 2102 Baluzius
311 2068 322 2102 l.
332 2077 347 2102 c.
358 2067 372 2102 ll
386 2067 452 2110 677s3
467 2066 529 2102 llllansi
544 2067 601 2111 nvn,
615 2077 658 2113 app.
672 2066 739 2111 lotam
754 2066 784 2102 Pl.
797 2068 825 2111 87,
839 2066 871 2103 951
881 2078 895 2102 s.

542 2207 580 2249 15.

216 2320 263 2360 994.
279 2319 398 2359 Artemonis
414 2318 548 2359 Cobouensz's
556 2317 571 2358 ¹.
587 2318 733 2359 Historiarum
744 2319 795 2359 lion·
805 2320 843 2359 III.

218 2403 262 2443 tib.
279 2403 354 2442 11135.
371 2402 438 2451 Saepe
456 2402 512 2442 idem
530 2402 635 2442 ulduinus
658 2399 700 2451 [ep.
724 2399 888 2450 lemovicensis]
913 2415 952 2452 pro

163 2470 260 2517 raequicia
276 2468 349 2517 populi
365 2479 442 2508 novam
458 2467 614 2507 observantiam
630 2468 746 2514 constituit,
763 2468 843 2508 scilicet
854 2468 952 2508 ecclesias

217 2561 343 2597 llldemarus
356 2572 372 2596 a.
385 2561 420 2597 088
433 2561 452 2596 in
466 2560 553 2596 dominio
569 2559 685 2596 Chabannes
705 2571 766 2606 prope
786 2560 876 2606 Limoges
898 2564 953 2597 natus

163 2623 195 2657 est.
210 2621 259 2657 luter
272 2622 364 2666 cognatos
377 2620 418 2665 ejus
431 2620 503 2666 Turpin
524 2619 654 2660 d'Aubusson,
675 2619 778 2665 episcopus
799 2621 882 2664 Lemov.‚
896 2620 953 2656 Adal-

164 2681 227 2716 bertus
241 2681 360 2726 praepositus
375 2682 393 2715 et
407 2680 470 2725 Roger
486 2682 551 2715 cantor
570 2679 678 2715 monasterii
698 2678 716 2715 S.
736 2679 827 2715 Martialis
844 2678 953 2724 llimoges)
