1924 3132
326 188 454 223 scnrvrones
468 188 579 216 [ursaonae
823 181 846 216 37

0 292 4 348 ἶ
59 308 189 355 Galardone‚
205 307 264 356 quod
279 297 330 348 olim
347 307 486 348 destruxistis.
503 308 527 347 Et
542 319 591 347 ecce
606 307 666 347 tertia
682 308 715 347 die
731 310 780 356 post
798 307 846 356 Epi-

59 374 157 426 phaniam
174 373 260 413 Domini
279 374 350 422 coepit
366 372 435 413 fecere
453 373 541 413 alterum
560 372 668 413 castellum
691 373 748 421 apud
771 372 846 413 lsteras

60 442 111 481 intra
133 437 192 478 villas
214 436 287 478 Sactae
308 438 395 478 Mariae.
418 437 481 478 Unde
502 437 583 487 legatos
600 440 685 478 nostros
703 438 800 477 misimus
819 437 845 478 ad

0 498 1 512 ³
59 504 125 545 filium
141 505 233 543 vestrum
250 503 330 555 Regem
353 502 469 552 tlugonem
485 505 505 543 et
519 502 620 543 Odonem
637 502 756 550 Comitem;
773 503 845 543 incerti

59 573 128 611 utrum
147 567 231 608 illorum
249 580 336 608 assensu
353 570 410 608 tanta
430 568 484 608 mala
505 568 685 618 praesumpserit:
708 568 768 608 aliter
789 569 845 608 enim

0 623 2 645 ⁵
59 637 110 676 traec
126 634 184 673 illum
200 634 287 683 aggredi
304 634 337 673 vix
352 634 460 690 opinabile
477 636 516 674 est.
535 633 576 674 Sed
593 635 610 673 si
629 633 657 673 illi
680 645 719 673 nos
741 635 761 674 in
784 635 846 689 tantis
895 637 897 641 ’

0 720 1 723 “
60 698 220 742 adversitatibus
235 711 278 739 non
293 699 419 747 adiuverint,
436 700 462 739 ad
477 711 516 739 vos
530 701 579 748 post
594 699 663 739 Deum
679 700 812 748 respicimus,
825 702 847 739 ut

0 780 1 784 ¹
60 777 97 816 per
111 777 149 805 vos
164 764 190 804 ab
206 764 328 804 huiusmodi
344 765 485 813 oppressione
504 764 626 804 liberemur.
649 764 756 805 Dolemus'
775 767 845 805 autem

59 842 97 871 vos
113 831 140 870 ita
155 841 212 869 nunc
227 829 247 868 in
262 829 308 869 aliis
324 829 419 878 partibus
433 832 558 879 occupatos,
577 832 599 869 ut
617 832 686 869 vestro
704 841 805 877 succursu
821 829 847 869 de

0 887 1 901 ³
60 895 163 945 praesenti
180 895 282 944 respirare
297 887 438 944 nequeamus.
454 894 520 941 Quod
535 895 610 935 si.cit0
625 894 688 935 nobis
699 906 710 934 a
720 895 766 935 tilio
776 897 847 935 vestro

60 960 186 1002 subventum
209 971 252 999 non
274 960 344 1007 fuerit,
367 961 477 999 communi
500 963 622 1000 nostrorum
642 960 732 1000 consilio
751 960 846 1005 divinum

0 1031 1 1038 ¹
60 1025 162 1067 Officium
187 1025 304 1065 desiturum
327 1026 347 1064 in
369 1027 415 1065 toto
437 1025 566 1074 Episcopatu
591 1027 664 1066 nostro
692 1026 800 1066 noveritis.
826 1024 846 1065 Si

10 1132 12 1136 ,
60 1092 140 1132 Comes
162 1089 213 1130 Odo
235 1090 291 1139 apud
313 1102 352 1131 vos
372 1093 410 1139 est,
429 1093 515 1131 monete
533 1091 592 1130 illum
613 1093 635 1130 ut
654 1090 765 1131 subveniat
785 1091 848 1131 nobis
906 1088 908 1093 ’

61 1158 147 1207 propter
162 1155 231 1196 Deum
247 1158 267 1196 et
281 1155 405 1216 fidelitatem
421 1159 520 1196 vestram.
536 1156 617 1197 Valete.

107 1230 226 1276 bouqueti(
239 1232 274 1266 457
288 1241 317 1275 ep.
330 1231 363 1274 26;
377 1231 407 1266 PL
422 1232 461 1275 141,
474 1232 509 1267 218
523 1242 553 1276 ep.
566 1231 595 1267 34.

435 1354 475 1396 24.

121 1464 171 1504 Post
186 1476 204 1504 a.
223 1464 280 1504 rulo.
296 1463 410 1503 fulbertus
426 1441 512 1504 Cernat.
529 1464 558 1504 ad
571 1464 685 1509 Robertum
700 1464 785 1514 Regem.

113 1552 216 1602 Implorat
235 1551 338 1592 auxilium
359 1552 416 1601 regis
437 1554 510 1591 centra
532 1553 624 1592 iniurius
644 1553 687 1592 sibi
706 1565 719 1592 e
740 1552 848 1602 Oeufrido
897 1566 899 1568 ’

62 1617 177 1658 vicecomite
191 1617 273 1658 illatus.

114 1684 177 1723 Nunc
192 1694 278 1732 quoque
294 1682 320 1722 de
338 1683 412 1723 iisdem
431 1683 492 1724 malis
513 1685 633 1724 necessario
655 1683 779 1731 scribentes,
799 1696 849 1724 con-

0 1744 1 1747 ’
61 1748 170 1797 querimur
187 1747 244 1797 apud
264 1745 432 1788 misericordiam
450 1751 549 1796 vestram,
570 1749 683 1789 consilium
706 1752 726 1789 et
748 1749 848 1790 auxilium

0 1808 1 1811 ’
62 1815 156 1862 petentes
167 1813 193 1853 ab
204 1825 240 1860 ea;
257 1814 382 1863 quoniama
393 1814 438 1853 tilio
453 1816 524 1854 vestro
540 1814 634 1863 tlugone
648 1826 713 1864 super
727 1814 779 1855 llaec
794 1814 849 1855 mala

62 1878 112 1918 nihil
128 1879 175 1928 opis
190 1878 224 1919 vel
238 1878 391 1919 consolationis
409 1880 539 1928 accepimus.
556 1879 597 1919 Pro
615 1879 693 1929 quibus
708 1881 756 1920 tacti
774 1880 850 1920 dolore

62 1944 132 1984 cordis
143 1945 275 1991 intrinsecus,
288 1944 329 2000 iam
341 1945 454 1984 intantum
466 1956 586 1985 moerorem
598 1948 694 1985 nostrum
706 1945 848 1994 prodidimus,

62 2012 84 2049 ut
98 2009 159 2058 signa
174 2011 245 2050 nostra
261 2010 412 2050 iocunditatem
428 2012 448 2049 et
465 2010 565 2050 laetitiam
588 2010 709 2059 significare
730 2011 800 2058 solita,
823 2010 849 2050 ab

63 2067 179 2115 intonando
190 2075 294 2121 desinere,
311 2077 331 2114 et
346 2075 450 2115 tristitiam
462 2077 556 2115 nostram
568 2076 660 2116 attestari
676 2076 770 2125 quodam
783 2075 849 2116 modo

62 2140 192 2188 iusserimus,
205 2140 352 2190 Officiumque
367 2140 462 2181 divinum
474 2141 575 2181 hactenus
590 2142 611 2181 in
627 2141 720 2182 Ecclesia
730 2144 802 2182 nostra
813 2153 850 2191 per

63 2205 101 2245 Dei
123 2206 212 2255 gratiam
235 2218 283 2245 cnm
306 2218 383 2256 magna
403 2206 474 2246 cordis
496 2208 516 2246 et
537 2207 580 2247 oris
603 2206 726 2248 iubilatione
749 2207 849 2247 celebrari

62 2271 156 2318 solitum,
173 2271 279 2321 depressis
294 2272 361 2312 modo
376 2272 524 2313 miserabiliter
541 2272 638 2320 vocibus,
657 2276 748 2321 etpene
765 2273 850 2317 silentio

63 2338 172 2385 proximis,
195 2338 249 2378 fieri.
273 2338 336 2379 Unde
359 2338 457 2387 pietatem
480 2340 571 2378 vestram
594 2350 642 2378 cum
664 2339 715 2379 fletu
738 2338 809 2379 cordis
831 2341 850 2379 e't

63 2404 146 2451 mentis,
163 2415 232 2452 genua
247 2403 295 2443 flexi
312 2415 430 2453 precamur,
446 2405 561 2444 succurrite
576 2406 661 2445 sanctae
679 2404 723 2444 Dei*
735 2404 851 2446 Genitricis

63 2468 176 2516 Ecclesiae,
193 2469 226 2509 cui
241 2481 281 2509 nos
295 2468 370 2509 fideles
385 2471 474 2517 vestros,
490 2473 593 2518 quantum
605 2481 727 2519 possumus,
739 2470 787 2510 licet
798 2469 851 2509 indi·

63 2545 124 2582 gnos,
151 2546 248 2583 praeesse
272 2534 379 2575 voluistis:
403 2546 495 2584 quorum
520 2547 531 2575 a
553 2534 615 2575 vobis
638 2535 778 2576 solummodo
803 2537 851 2585 post

49 2598 141 2654 Deum,
157 2600 177 2639 in
193 2600 295 2649 hisquae
310 2601 435 2650 ingeruntur
448 2601 558 2649 molestiis,
570 2601 689 2641 consolatio
705 2603 725 2641 et
740 2601 851 2650 respiratio

63 2663 158 2706 funditus
173 2665 259 2714 pendet.
276 2665 375 2714 Cogitate
390 2677 442 2715 ergo
458 2666 548 2715 qualiter
563 2666 589 2706 ab
605 2666 638 2706 lris
653 2666 775 2713 liberemur,
792 2670 812 2707 et
829 2669 852 2706 ut

64 2740 185 2771 moerorem
196 2733 292 2772 nostrum
303 2732 430 2772 convertatis
443 2732 463 2771 in
475 2731 586 2780 gaudium,
598 2731 732 2772 obsecrando
743 2731 851 2773 Comitem
