1975 3157
144 167 166 203 lb
419 176 512 205 neonem
526 176 656 206 svuooouuru

144 297 202 342 vunt,
218 296 248 335 sic
269 294 359 343 Spiritus
380 297 465 335 sanetus
487 307 525 343 per
546 295 672 344 prophetam
697 294 757 335 dicit:
774 295 932 336 llllortiiicabant

144 361 225 400 animas
239 372 294 409 quae
309 372 351 401 non
370 361 490 400 moriuntur
510 363 530 400 et
552 360 688 400 vivificabant
709 361 790 400 animas
812 373 866 410 quae
888 373 931 401 non
981 361 987 417 ᾖ

144 417 216 465 vivunt
231 424 317 472 lEzech.
335 424 375 472 13).
392 426 417 465 Et
432 437 527 466 rursum:
544 426 587 465 Vae
602 426 635 465 nis
650 427 685 474 qui
701 426 774 465 dicunt
788 426 870 466 bonum
889 438 932 466 ma·
983 418 987 464 j

144 490 196 538 lum,
212 493 232 531 et
247 490 326 531 malum
343 490 433 538 bonum,
457 494 561 539 ponentes
581 490 649 531 lucem
672 491 777 538 tenebras,
794 494 813 531 et
834 491 932 532 tenebras

144 556 213 596 lucem
229 554 265 601 lls.
281 555 309 602 5).

198 622 218 663 Si
234 633 286 671 ergo
301 622 333 662 vel
349 634 403 662 unus
418 635 443 662 ex
458 621 588 670 primoribus
603 621 735 671 principibus
749 622 811 662 vobis
819 622 931 670 obedierit,

144 689 206 727 ceteri
222 699 273 727 vero
288 699 363 728 omnes
385 688 453 727 attrita
474 687 544 727 fronte
568 687 657 727 rebelles
679 688 795 727 extiterint:
820 687 932 736 pacificum
980 725 984 742 2

144 753 244 802 suscipite
260 753 280 792 in
296 765 347 802 pace
362 753 449 799 Christi,
465 753 527 801 eique
542 753 563 791 in
578 752 679 792 omnibus
694 764 758 801 opem
774 752 837 792 terte:
863 754 932 792 etter-

144 829 188 858 ram
204 818 352 867 honoremque
367 818 413 865 eius
428 819 448 858 in
464 817 598 858 absolutione
613 818 741 866 gaudentem
758 821 778 858 et
788 818 878 858 liberum
887 830 933 858 esse

145 883 266 931 permittite,
282 886 364 923 ceterae
373 889 443 923 autem
452 886 522 932 partes
531 883 688 924 Lemovicensis
696 886 771 930 terrae,
781 895 835 932 quae
844 883 934 924 rebelles

145 949 251 997 principes
266 948 364 996 habeant,
381 949 401 987 in
416 948 539 997 supradicto
555 947 700 997 relinquantur
715 948 848 988 anathemate
866 960 933 997 usque
983 943 988 1007 ζ

145 1013 171 1053 ad
187 1013 273 1063 dignam
289 1015 451 1060 correctionem,
463 1016 486 1053 ut
496 1014 522 1053 sit
534 1013 587 1053 inter
595 1012 676 1052 bonum
686 1016 706 1053 et
714 1013 793 1053 malum
805 1013 932 1062 diiterentia,
984 1043 988 1071 ξ

145 1090 168 1117 ac
183 1079 200 1118 si
216 1079 269 1118 inter
283 1078 352 1126 lucem
368 1081 388 1118 et
402 1079 507 1118 tenebras.
524 1078 589 1125 Quod
600 1079 617 1118 si
634 1079 809 1127 omnesmajores
819 1081 933 1127 potestates
985 1073 988 1116 ῗ

146 1144 307 1184 lemovicenses
325 1155 398 1193 pacem
422 1144 567 1184 consenserint
600 1145 623 1183 ut
645 1144 773 1183 omnia'sint
793 1143 897 1191 absoluta,
914 1147 934 1183 et

145 1208 209 1256 aliqui
224 1209 251 1248 de
266 1209 352 1258 privatis
367 1208 476 1255 militibus,
493 1209 537 1248 sive
553 1208 671 1248 minoribus
692 1208 831 1258 principibus,
855 1209 933 1249 inventi

145 1273 222 1313 luerint
230 1274 322 1314 concilio
328 1273 482 1314 inobedientes:
490 1273 510 1313 hi
517 1274 569 1313 tales
576 1274 603 1313 ita
610 1274 707 1323 privatim
714 1274 932 1320 excommunicentur,
987 1304 988 1312 2

145 1340 168 1378 ut
182 1339 223 1379 sint
238 1340 342 1388 segregati
365 1340 544 1379 acommunione
565 1339 662 1387 corporis
677 1341 697 1378 et
711 1339 821 1387 sanguinis
843 1339 933 1385 domini,

146 1405 166 1444 in
182 1403 292 1444 ecclesiam
308 1403 398 1443 intrandi
414 1403 493 1444 nullam
509 1403 600 1443 habeant
615 1403 729 1451 licentiam,
746 1416 793 1444 cum
816 1403 934 1444 christianis

145 1481 188 1509 non
204 1469 318 1509 comedant
332 1481 401 1518 neque
416 1469 490 1509 bibant
499 1480 569 1517 neque
580 1469 696 1515 ambulent,
708 1469 774 1508 linum
784 1481 826 1508 non
838 1469 933 1516 induant,

146 1546 230 1574 carnem
246 1545 289 1574 non
304 1533 426 1581 comedant,
443 1534 515 1573 vinum
531 1545 574 1573 non
583 1533 663 1580 bibant,
673 1545 716 1573 non
727 1534 856 1573 tondeantur
866 1545 939 1583 neque,

146 1599 253 1646 radantur,
265 1598 291 1638 ad
306 1599 374 1639 nullas
389 1600 497 1647 orationes
512 1599 618 1648 proticisci
644 1602 790 1647 praesumant;
815 1600 832 1638 si
855 1599 934 1638 intirmi

146 1664 230 1711 luerint,
247 1675 290 1704 non
308 1665 418 1704 visitentur
432 1676 444 1704 a
459 1664 548 1704 clerieo:
572 1664 687 1704 morientes
710 1664 729 1703 in
746 1665 791 1712 ipsa
812 1676 934 1704 exeommu-

146 1736 251 1776 nicatione
266 1747 310 1775 non
325 1736 366 1775 sint
381 1736 407 1775 de
427 1735 476 1775 loco
498 1736 605 1781 levatisin
629 1747 672 1784 quo
695 1736 772 1775 mortui
788 1735 873 1782 luerint,
896 1747 935 1775 nec

146 1801 296 1849 cooperiantur
311 1801 377 1849 ligno,
398 1812 468 1850 neque
486 1803 551 1849 petra,
571 1812 640 1849 neque
655 1800 724 1848 aliqua
743 1801 868 1847 munitione,
886 1799 935 1840 sub-

145 1866 244 1905 stantiam
264 1877 338 1905 eorum
358 1866 429 1905 nullus
449 1877 487 1914 pro
509 1865 621 1905 animabus
641 1877 716 1905 eorum
736 1866 756 1905 in
777 1865 934 1914 eleemosynam

149 1931 243 1979 recipiat.

194 2017 264 2053 Mansi
275 2017 318 2052 XIX
332 2017 376 2061 5093
390 2018 422 2053 541
430 2029 445 2053 s.

523 2189 562 2230 70.

203 2299 261 2338 1056.
279 2298 342 2339 Cone.
362 2299 486 2339 Tolosanum
507 2297 639 2348 (Touloase).

201 2375 258 2424 Sept.
274 2377 330 2416 1056
341 2376 405 2426 jussu
415 2388 485 2425 papae
498 2377 587 2417 Victoris
596 2378 619 2417 II
626 2377 797 2427 praesidentibus
804 2379 851 2428 ejas
859 2370 937 2427 legatis

147 2440 259 2480 octodecim
274 2442 367 2491 episcopi
380 2442 439 2491 apud
452 2443 523 2482 arbem
536 2443 631 2482 Tolosam
640 2442 669 2482 od
678 2443 788 2483 concilium
799 2445 939 2483 convenerunt

147 2505 177 2546 ad
189 2507 347 2555 exstirpandam
361 2507 499 2547 simoniacam
514 2507 625 2548 baeresim.
641 2508 665 2547 ln
680 2508 719 2547 boe
733 2509 821 2548 concilio
831 2509 935 2558 Berenga·

147 2571 193 2612 rius
211 2571 326 2612 Vicecames
340 2571 488 2612 Narbonensis
502 2574 654 2622 praerimoniam
674 2576 747 2614 contra
772 2574 889 2623 Wbtredum
904 2586 937 2614 ar·

147 2636 302 2687 cbiepiscopum
316 2638 483 2686 Narbonensem,
500 2638 538 2687 pai
550 2650 589 2686 per
601 2638 714 2679 simoniam
729 2639 799 2679 sedem
813 2651 874 2679 snam
884 2640 937 2679 obti-

148 2704 385 2753 naeratetpropnrea
404 2703 486 2753 pluries
500 2716 514 2744 a
527 2703 631 2750 Romanis
654 2705 794 2754 pontificibus
818 2705 938 2746 damnatus
