<?xml version="1.0" encoding="UTF-8"?>
<!DOCTYPE html PUBLIC "-//W3C//DTD XHTML 1.0 Transitional//EN"
    "http://www.w3.org/TR/xhtml1/DTD/xhtml1-transitional.dtd">
<html xmlns="http://www.w3.org/1999/xhtml" xml:lang="en" lang="en">
 <head>
  <title>
</title>
<meta http-equiv="Content-Type" content="text/html;charset=utf-8" />
  <meta name='ocr-system' content='tesseract 3.04.00' />
  <meta name='ocr-capabilities' content='ocr_page ocr_carea ocr_par ocr_line ocrx_word'/>
</head>
<body>
  <div class='ocr_page' id='page_1' title='image "MN42046ucmf_0_0154.png"; bbox 0 0 1975 3157; ppageno 0'>
   <div class='ocr_carea' id='block_1_1' title="bbox 368 169 667 200">
    <p class='ocr_par' dir='ltr' id='par_1_1' title="bbox 368 169 667 200">
     <span class='ocr_line' id='line_1_1' title="bbox 368 169 667 200; baseline 0 -3"><span class='ocrx_word' id='word_1_1' title='bbox 368 169 461 199; x_wconf 72' lang='lat' dir='ltr'>DECRETA</span> <span class='ocrx_word' id='word_1_2' title='bbox 476 169 525 200; x_wconf 68' lang='grc' dir='ltr'>ΗΘΜ.</span> <span class='ocrx_word' id='word_1_3' title='bbox 540 169 667 198; x_wconf 80' lang='lat' dir='ltr'>PONTIFICUM</span> 
     </span>
    </p>
   </div>
   <div class='ocr_carea' id='block_1_2' title="bbox 500 331 554 374">
    <p class='ocr_par' dir='ltr' id='par_1_2' title="bbox 500 331 554 374">
     <span class='ocr_line' id='line_1_2' title="bbox 500 331 554 374; baseline 0.019 -1"><span class='ocrx_word' id='word_1_4' title='bbox 500 331 554 374; x_wconf 81' lang='lat'>162.</span> 
     </span>
    </p>
   </div>
   <div class='ocr_carea' id='block_1_3' title="bbox 74 419 978 550">
    <p class='ocr_par' dir='ltr' id='par_1_3' title="bbox 74 419 978 550">
     <span class='ocr_line' id='line_1_3' title="bbox 180 419 977 482; baseline 0.001 -7"><span class='ocrx_word' id='word_1_5' title='bbox 180 437 237 482; x_wconf 86' lang='grc'>1095,</span> <span class='ocrx_word' id='word_1_6' title='bbox 249 436 316 476; x_wconf 84' lang='lat' dir='ltr'>Mart.</span> <span class='ocrx_word' id='word_1_7' title='bbox 328 437 361 475; x_wconf 88' lang='grc'>17.</span> <span class='ocrx_word' id='word_1_8' title='bbox 380 435 480 476; x_wconf 77' lang='lat' dir='ltr'>Urbanas</span> <span class='ocrx_word' id='word_1_9' title='bbox 494 436 516 476; x_wconf 91' lang='grc' dir='ltr'>ΙΙ</span> <span class='ocrx_word' id='word_1_10' title='bbox 528 436 655 476; x_wconf 79' lang='lat' dir='ltr'>monastario</span> <span class='ocrx_word' id='word_1_11' title='bbox 665 437 688 477; x_wconf 88' lang='lat' dir='ltr'>S.</span> <span class='ocrx_word' id='word_1_12' title='bbox 699 435 814 476; x_wconf 76' lang='lat' dir='ltr'>Mtcnaeas</span> <span class='ocrx_word' id='word_1_13' title='bbox 826 436 912 478; x_wconf 83' lang='lat' dir='ltr'>Clusini</span> <span class='ocrx_word' id='word_1_14' title='bbox 976 419 977 424; x_wconf 12' lang='grc' dir='ltr'><strong>Ἰ</strong></span> 
     </span>
     <span class='ocr_line' id='line_1_4' title="bbox 74 499 978 550; baseline 0.001 -10"><span class='ocrx_word' id='word_1_15' title='bbox 74 519 77 522; x_wconf 85' lang='grc'><em>·</em></span> <span class='ocrx_word' id='word_1_16' title='bbox 126 499 178 547; x_wconf 83' lang='lat' dir='ltr'>(San</span> <span class='ocrx_word' id='word_1_17' title='bbox 192 500 285 541; x_wconf 79' lang='lat' dir='ltr'>Micbale</span> <span class='ocrx_word' id='word_1_18' title='bbox 298 500 355 540; x_wconf 86' lang='lat' dir='ltr'>dalla</span> <span class='ocrx_word' id='word_1_19' title='bbox 371 500 460 550; x_wconf 78' lang='lat' dir='ltr'>Clausa,</span> <span class='ocrx_word' id='word_1_20' title='bbox 476 501 542 541; x_wconf 82' lang='lat' dir='ltr'>dioec.</span> <span class='ocrx_word' id='word_1_21' title='bbox 561 500 653 547; x_wconf 82' lang='lat' dir='ltr'>Torinol.</span> <span class='ocrx_word' id='word_1_22' title='bbox 976 509 978 511; x_wconf 74' lang='grc'><strong><em>’</em></strong></span> 
     </span>
    </p>
   </div>
   <div class='ocr_carea' id='block_1_4' title="bbox 125 589 912 705">
    <p class='ocr_par' dir='ltr' id='par_1_4' title="bbox 125 574 980 705">
     <span class='ocr_line' id='line_1_5' title="bbox 179 589 911 639; baseline 0 -9"><span class='ocrx_word' id='word_1_23' title='bbox 179 589 245 637; x_wconf 89' lang='lat' dir='ltr'>Quod</span> <span class='ocrx_word' id='word_1_24' title='bbox 255 591 271 630; x_wconf 88' lang='lat' dir='ltr'>si</span> <span class='ocrx_word' id='word_1_25' title='bbox 283 591 399 639; x_wconf 84' lang='lat' dir='ltr'>episcopus</span> <span class='ocrx_word' id='word_1_26' title='bbox 408 602 447 639; x_wconf 89' lang='lat' dir='ltr'>pro</span> <span class='ocrx_word' id='word_1_27' title='bbox 458 590 499 630; x_wconf 92' lang='lat' dir='ltr'>hoc</span> <span class='ocrx_word' id='word_1_28' title='bbox 511 590 581 630; x_wconf 91' lang='lat' dir='ltr'>locum</span> <span class='ocrx_word' id='word_1_29' title='bbox 594 591 663 639; x_wconf 91' lang='lat' dir='ltr'>ipsum</span> <span class='ocrx_word' id='word_1_30' title='bbox 674 591 797 630; x_wconf 89' lang='lat' dir='ltr'>calumniari</span> <span class='ocrx_word' id='word_1_31' title='bbox 813 590 911 638; x_wconf 88' lang='lat' dir='ltr'>voluerit,</span> 
     </span>
     <span class='ocr_line' id='line_1_6' title="bbox 125 655 912 705; baseline 0.002 -11"><span class='ocrx_word' id='word_1_32' title='bbox 125 658 146 695; x_wconf 90' lang='lat' dir='ltr'>et</span> <span class='ocrx_word' id='word_1_33' title='bbox 160 656 259 696; x_wconf 88' lang='lat' dir='ltr'>ecclesias</span> <span class='ocrx_word' id='word_1_34' title='bbox 277 656 309 695; x_wconf 89' lang='lat' dir='ltr'>vel</span> <span class='ocrx_word' id='word_1_35' title='bbox 327 655 418 704; x_wconf 85' lang='lat' dir='ltr'>aliquos,</span> <span class='ocrx_word' id='word_1_36' title='bbox 434 655 460 695; x_wconf 86' lang='lat' dir='ltr'>ad</span> <span class='ocrx_word' id='word_1_37' title='bbox 475 655 567 695; x_wconf 91' lang='lat' dir='ltr'>eundem</span> <span class='ocrx_word' id='word_1_38' title='bbox 586 656 657 696; x_wconf 90' lang='lat' dir='ltr'>locum</span> <span class='ocrx_word' id='word_1_39' title='bbox 676 657 811 705; x_wconf 71' lang='lat' dir='ltr'>pertinentes,</span> <span class='ocrx_word' id='word_1_40' title='bbox 828 668 912 697; x_wconf 88' lang='lat' dir='ltr'>excom·</span> 
     </span>
    </p>
   </div>
   <div class='ocr_carea' id='block_1_5' title="bbox 126 721 912 770">
    <p class='ocr_par' dir='ltr' id='par_1_5' title="bbox 126 709 980 770">
     <span class='ocr_line' id='line_1_7' title="bbox 126 721 912 770; baseline 0 -9"><span class='ocrx_word' id='word_1_41' title='bbox 126 721 234 761; x_wconf 89' lang='lat' dir='ltr'>municare</span> <span class='ocrx_word' id='word_1_42' title='bbox 245 721 417 770; x_wconf 74' lang='lat' dir='ltr'>praesumpserit,</span> <span class='ocrx_word' id='word_1_43' title='bbox 429 721 475 770; x_wconf 89' lang='lat' dir='ltr'>ipsa</span> <span class='ocrx_word' id='word_1_44' title='bbox 489 722 682 761; x_wconf 84' lang='lat' dir='ltr'>excommunicatio</span> <span class='ocrx_word' id='word_1_45' title='bbox 697 721 817 761; x_wconf 80' lang='lat' dir='ltr'>annulletur</span> <span class='ocrx_word' id='word_1_46' title='bbox 832 723 852 761; x_wconf 89' lang='lat' dir='ltr'>et</span> <span class='ocrx_word' id='word_1_47' title='bbox 867 733 912 770; x_wconf 91' lang='lat' dir='ltr'>pre·</span> 
     </span>
    </p>
   </div>
   <div class='ocr_carea' id='block_1_6' title="bbox 126 786 988 901">
    <p class='ocr_par' dir='ltr' id='par_1_6' title="bbox 126 786 988 901">
     <span class='ocr_line' id='line_1_8' title="bbox 126 786 988 835; baseline 0.001 -9"><span class='ocrx_word' id='word_1_48' title='bbox 126 789 243 826; x_wconf 91' lang='lat' dir='ltr'>memorate</span> <span class='ocrx_word' id='word_1_49' title='bbox 263 786 351 826; x_wconf 81' lang='lat' dir='ltr'>ecclesie</span> <span class='ocrx_word' id='word_1_50' title='bbox 369 789 389 826; x_wconf 91' lang='lat' dir='ltr'>et</span> <span class='ocrx_word' id='word_1_51' title='bbox 406 798 480 826; x_wconf 93' lang='lat' dir='ltr'>eorum</span> <span class='ocrx_word' id='word_1_52' title='bbox 501 787 573 826; x_wconf 85' lang='lat' dir='ltr'>omnia</span> <span class='ocrx_word' id='word_1_53' title='bbox 592 786 688 827; x_wconf 87' lang='lat' dir='ltr'>absolute</span> <span class='ocrx_word' id='word_1_54' title='bbox 708 786 735 827; x_wconf 88' lang='lat' dir='ltr'>ab</span> <span class='ocrx_word' id='word_1_55' title='bbox 753 787 853 835; x_wconf 90' lang='lat' dir='ltr'>imposita</span> <span class='ocrx_word' id='word_1_56' title='bbox 872 786 911 826; x_wconf 89' lang='lat' dir='ltr'>sibi</span> <span class='ocrx_word' id='word_1_57' title='bbox 987 803 988 828; x_wconf 78' lang='lat'>1</span> 
     </span>
     <span class='ocr_line' id='line_1_9' title="bbox 126 852 777 901; baseline 0 -9"><span class='ocrx_word' id='word_1_58' title='bbox 126 853 346 892; x_wconf 87' lang='lat' dir='ltr'>excommunicatione</span> <span class='ocrx_word' id='word_1_59' title='bbox 361 852 478 901; x_wconf 86' lang='lat' dir='ltr'>apostolica</span> <span class='ocrx_word' id='word_1_60' title='bbox 493 853 617 892; x_wconf 86' lang='lat' dir='ltr'>auctoritate</span> <span class='ocrx_word' id='word_1_61' title='bbox 633 854 777 900; x_wconf 89' lang='lat' dir='ltr'>permaneant.</span> 
     </span>
    </p>
   </div>
   <div class='ocr_carea' id='block_1_7' title="bbox 179 931 913 979">
    <p class='ocr_par' dir='ltr' id='par_1_7' title="bbox 179 907 981 987">
     <span class='ocr_line' id='line_1_10' title="bbox 179 931 913 979; baseline 0 -11"><span class='ocrx_word' id='word_1_62' title='bbox 179 932 363 979; x_wconf 78' lang='lat' dir='ltr'>Pslnglc·Hartiang</span> <span class='ocrx_word' id='word_1_63' title='bbox 375 933 388 968; x_wconf 92' lang='lat' dir='ltr'>ll</span> <span class='ocrx_word' id='word_1_64' title='bbox 403 933 437 968; x_wconf 77' lang='grc'>158</span> <span class='ocrx_word' id='word_1_65' title='bbox 450 943 477 968; x_wconf 90' lang='lat' dir='ltr'>ur.</span> <span class='ocrx_word' id='word_1_66' title='bbox 488 933 530 976; x_wconf 79' lang='lat'>191;</span> <span class='ocrx_word' id='word_1_67' title='bbox 544 932 566 968; x_wconf 80' lang='lat' dir='ltr'>u</span> <span class='ocrx_word' id='word_1_68' title='bbox 579 933 634 976; x_wconf 74' lang='lat'><strong>55543</strong></span> <span class='ocrx_word' id='word_1_69' title='bbox 648 932 704 968; x_wconf 80' lang='lat' dir='ltr'>ltalia</span> <span class='ocrx_word' id='word_1_70' title='bbox 717 931 790 976; x_wconf 81' lang='lat' dir='ltr'>Pontis.</span> <span class='ocrx_word' id='word_1_71' title='bbox 802 933 827 970; x_wconf 88' lang='lat' dir='ltr'>VI</span> <span class='ocrx_word' id='word_1_72' title='bbox 841 934 858 976; x_wconf 82' lang='lat'>2,</span> <span class='ocrx_word' id='word_1_73' title='bbox 874 933 913 968; x_wconf 80' lang='lat'>124.</span> 
     </span>
    </p>
   </div>
   <div class='ocr_carea' id='block_1_8' title="bbox 183 1084 987 1240">
    <p class='ocr_par' dir='ltr' id='par_1_8' title="bbox 183 1084 987 1240">
     <span class='ocr_line' id='line_1_11' title="bbox 502 1084 632 1143; baseline 0 -17"><span class='ocrx_word' id='word_1_74' title='bbox 502 1084 557 1126; x_wconf 80' lang='lat'>163.</span> <span class='ocrx_word' id='word_1_75' title='bbox 630 1141 632 1143; x_wconf 25' lang='grc'>-</span> 
     </span>
     <span class='ocr_line' id='line_1_12' title="bbox 183 1189 987 1240; baseline 0 -10"><span class='ocrx_word' id='word_1_76' title='bbox 183 1191 240 1236; x_wconf 84' lang='grc'>1095,</span> <span class='ocrx_word' id='word_1_77' title='bbox 256 1191 324 1230; x_wconf 80' lang='lat' dir='ltr'>Mart.</span> <span class='ocrx_word' id='word_1_78' title='bbox 340 1190 372 1229; x_wconf 84' lang='grc'>16.</span> <span class='ocrx_word' id='word_1_79' title='bbox 391 1189 491 1229; x_wconf 82' lang='lat' dir='ltr'>Urbanus</span> <span class='ocrx_word' id='word_1_80' title='bbox 506 1189 528 1228; x_wconf 86' lang='lat' dir='ltr'>II</span> <span class='ocrx_word' id='word_1_81' title='bbox 540 1189 704 1240; x_wconf 70' lang='lat' dir='ltr'>archiepiscopis</span> <span class='ocrx_word' id='word_1_82' title='bbox 717 1201 756 1238; x_wconf 80' lang='lat' dir='ltr'>per</span> <span class='ocrx_word' id='word_1_83' title='bbox 771 1189 857 1230; x_wconf 80' lang='lat' dir='ltr'>Gallias</span> <span class='ocrx_word' id='word_1_84' title='bbox 873 1190 914 1230; x_wconf 82' lang='lat' dir='ltr'>Oa·</span> <span class='ocrx_word' id='word_1_85' title='bbox 985 1208 987 1210; x_wconf 88' lang='grc'><em>·</em></span> 
     </span>
    </p>
   </div>
   <div class='ocr_carea' id='block_1_9' title="bbox 128 1247 983 1304">
    <p class='ocr_par' dir='ltr' id='par_1_9' title="bbox 128 1247 983 1304">
     <span class='ocr_line' id='line_1_13' title="bbox 128 1247 983 1304; baseline -0.001 -9"><span class='ocrx_word' id='word_1_86' title='bbox 128 1255 194 1295; x_wconf 73' lang='lat' dir='ltr'>tiniam</span> <span class='ocrx_word' id='word_1_87' title='bbox 209 1258 229 1295; x_wconf 84' lang='lat' dir='ltr'>ct</span> <span class='ocrx_word' id='word_1_88' title='bbox 242 1255 379 1304; x_wconf 71' lang='lat' dir='ltr'>Hispaniam.</span> <span class='ocrx_word' id='word_1_89' title='bbox 397 1254 535 1295; x_wconf 79' lang='lat' dir='ltr'>Commendat</span> <span class='ocrx_word' id='word_1_90' title='bbox 547 1257 697 1296; x_wconf 81' lang='lat' dir='ltr'>monasteriam</span> <span class='ocrx_word' id='word_1_91' title='bbox 708 1255 730 1295; x_wconf 85' lang='lat' dir='ltr'>S.</span> <span class='ocrx_word' id='word_1_92' title='bbox 746 1254 821 1294; x_wconf 83' lang='lat' dir='ltr'>Poncii</span> <span class='ocrx_word' id='word_1_93' title='bbox 835 1253 914 1301; x_wconf 81' lang='lat' dir='ltr'>lSaint·</span> <span class='ocrx_word' id='word_1_94' title='bbox 980 1247 983 1299; x_wconf 71' lang='grc' dir='ltr'>ξ</span> 
     </span>
    </p>
   </div>
   <div class='ocr_carea' id='block_1_10' title="bbox 127 1319 682 1370">
    <p class='ocr_par' dir='ltr' id='par_1_10' title="bbox 127 1319 682 1370">
     <span class='ocr_line' id='line_1_14' title="bbox 127 1319 682 1370; baseline 0.004 -10"><span class='ocrx_word' id='word_1_95' title='bbox 127 1321 185 1361; x_wconf 83' lang='lat' dir='ltr'>Pons</span> <span class='ocrx_word' id='word_1_96' title='bbox 199 1320 225 1360; x_wconf 84' lang='lat' dir='ltr'>de</span> <span class='ocrx_word' id='word_1_97' title='bbox 242 1320 366 1370; x_wconf 69' lang='lat' dir='ltr'>Thomicms,</span> <span class='ocrx_word' id='word_1_98' title='bbox 382 1320 497 1369; x_wconf 65' lang='lat' dir='ltr'>sons-pref.</span> <span class='ocrx_word' id='word_1_99' title='bbox 514 1319 540 1360; x_wconf 83' lang='lat' dir='ltr'>dc</span> <span class='ocrx_word' id='word_1_100' title='bbox 554 1321 655 1362; x_wconf 70' lang='lat' dir='ltr'>l’Haraai</span> <span class='ocrx_word' id='word_1_101' title='bbox 668 1320 682 1368; x_wconf 82' lang='lat' dir='ltr'>l.</span> 
     </span>
    </p>
   </div>
   <div class='ocr_carea' id='block_1_11' title="bbox 128 1408 915 1525">
    <p class='ocr_par' dir='ltr' id='par_1_11' title="bbox 128 1404 986 1525">
     <span class='ocr_line' id='line_1_15' title="bbox 181 1408 915 1459; baseline -0.006 -9"><span class='ocrx_word' id='word_1_102' title='bbox 181 1409 249 1450; x_wconf 87' lang='lat' dir='ltr'>Vobis</span> <span class='ocrx_word' id='word_1_103' title='bbox 259 1409 360 1449; x_wconf 88' lang='lat' dir='ltr'>omuibus</span> <span class='ocrx_word' id='word_1_104' title='bbox 370 1411 445 1449; x_wconf 91' lang='lat' dir='ltr'>notum</span> <span class='ocrx_word' id='word_1_105' title='bbox 456 1408 570 1457; x_wconf 82' lang='lat' dir='ltr'>credimus,</span> <span class='ocrx_word' id='word_1_106' title='bbox 582 1410 641 1459; x_wconf 93' lang='lat' dir='ltr'>quod</span> <span class='ocrx_word' id='word_1_107' title='bbox 651 1409 706 1451; x_wconf 89' lang='lat' dir='ltr'>beati</span> <span class='ocrx_word' id='word_1_108' title='bbox 721 1410 793 1450; x_wconf 84' lang='lat' dir='ltr'>Poncii</span> <span class='ocrx_word' id='word_1_109' title='bbox 810 1412 915 1450; x_wconf 88' lang='lat' dir='ltr'>monaste·</span> 
     </span>
     <span class='ocr_line' id='line_1_16' title="bbox 128 1475 915 1525; baseline 0 -10"><span class='ocrx_word' id='word_1_110' title='bbox 128 1477 182 1516; x_wconf 93' lang='lat' dir='ltr'>rium</span> <span class='ocrx_word' id='word_1_111' title='bbox 194 1475 220 1515; x_wconf 88' lang='lat' dir='ltr'>ab</span> <span class='ocrx_word' id='word_1_112' title='bbox 231 1476 278 1524; x_wconf 90' lang='lat' dir='ltr'>ipso</span> <span class='ocrx_word' id='word_1_113' title='bbox 288 1475 419 1515; x_wconf 81' lang='lat' dir='ltr'>fundationis</span> <span class='ocrx_word' id='word_1_114' title='bbox 431 1475 549 1524; x_wconf 90' lang='lat' dir='ltr'>primordio</span> <span class='ocrx_word' id='word_1_115' title='bbox 558 1475 597 1516; x_wconf 91' lang='lat' dir='ltr'>suh</span> <span class='ocrx_word' id='word_1_116' title='bbox 606 1475 723 1525; x_wconf 89' lang='lat' dir='ltr'>apostolice</span> <span class='ocrx_word' id='word_1_117' title='bbox 731 1475 788 1515; x_wconf 84' lang='lat' dir='ltr'>sedis</span> <span class='ocrx_word' id='word_1_118' title='bbox 797 1475 915 1524; x_wconf 87' lang='lat' dir='ltr'>patrocinio</span> 
     </span>
    </p>
   </div>
   <div class='ocr_carea' id='block_1_12' title="bbox 129 1540 915 1590">
    <p class='ocr_par' dir='ltr' id='par_1_12' title="bbox 129 1535 984 1591">
     <span class='ocr_line' id='line_1_17' title="bbox 129 1540 915 1590; baseline 0 -10"><span class='ocrx_word' id='word_1_119' title='bbox 129 1542 251 1590; x_wconf 86' lang='lat' dir='ltr'>permansit.</span> <span class='ocrx_word' id='word_1_120' title='bbox 267 1541 313 1581; x_wconf 87' lang='lat' dir='ltr'>Nos</span> <span class='ocrx_word' id='word_1_121' title='bbox 328 1552 415 1590; x_wconf 87' lang='lat' dir='ltr'>quoque</span> <span class='ocrx_word' id='word_1_122' title='bbox 431 1540 605 1589; x_wconf 89' lang='lat' dir='ltr'>predecessorum</span> <span class='ocrx_word' id='word_1_123' title='bbox 621 1542 716 1590; x_wconf 80' lang='lat' dir='ltr'>vestigiis</span> <span class='ocrx_word' id='word_1_124' title='bbox 727 1541 847 1581; x_wconf 88' lang='lat' dir='ltr'>insistentes</span> <span class='ocrx_word' id='word_1_125' title='bbox 862 1541 915 1580; x_wconf 86' lang='lat' dir='ltr'>eius·</span> 
     </span>
    </p>
   </div>
   <div class='ocr_carea' id='block_1_13' title="bbox 128 1605 988 2177">
    <p class='ocr_par' dir='ltr' id='par_1_13' title="bbox 128 1605 988 2177">
     <span class='ocr_line' id='line_1_18' title="bbox 128 1605 916 1655; baseline -0.001 -9"><span class='ocrx_word' id='word_1_126' title='bbox 128 1607 177 1646; x_wconf 90' lang='lat' dir='ltr'>dem</span> <span class='ocrx_word' id='word_1_127' title='bbox 193 1606 233 1647; x_wconf 88' lang='lat' dir='ltr'>loci</span> <span class='ocrx_word' id='word_1_128' title='bbox 250 1606 368 1646; x_wconf 86' lang='lat' dir='ltr'>monachos</span> <span class='ocrx_word' id='word_1_129' title='bbox 383 1607 404 1645; x_wconf 91' lang='lat' dir='ltr'>in</span> <span class='ocrx_word' id='word_1_130' title='bbox 420 1606 515 1648; x_wconf 84' lang='lat' dir='ltr'>Romane</span> <span class='ocrx_word' id='word_1_131' title='bbox 530 1607 619 1646; x_wconf 88' lang='lat' dir='ltr'>ecclesie</span> <span class='ocrx_word' id='word_1_132' title='bbox 629 1606 686 1646; x_wconf 84' lang='lat' dir='ltr'>tilios</span> <span class='ocrx_word' id='word_1_133' title='bbox 701 1606 786 1655; x_wconf 89' lang='lat' dir='ltr'>speciali</span> <span class='ocrx_word' id='word_1_134' title='bbox 803 1605 916 1646; x_wconf 86' lang='lat' dir='ltr'>dilectione</span> 
     </span>
     <span class='ocr_line' id='line_1_19' title="bbox 128 1671 986 1721; baseline 0 -10"><span class='ocrx_word' id='word_1_135' title='bbox 128 1673 264 1712; x_wconf 88' lang='lat' dir='ltr'>assumimus.</span> <span class='ocrx_word' id='word_1_136' title='bbox 281 1671 344 1712; x_wconf 89' lang='lat' dir='ltr'>Unde</span> <span class='ocrx_word' id='word_1_137' title='bbox 360 1672 496 1711; x_wconf 87' lang='lat' dir='ltr'>dilectionem</span> <span class='ocrx_word' id='word_1_138' title='bbox 512 1674 602 1712; x_wconf 88' lang='lat' dir='ltr'>vestram</span> <span class='ocrx_word' id='word_1_139' title='bbox 618 1672 683 1712; x_wconf 88' lang='lat' dir='ltr'>literis</span> <span class='ocrx_word' id='word_1_140' title='bbox 699 1671 832 1721; x_wconf 86' lang='lat' dir='ltr'>presentibus</span> <span class='ocrx_word' id='word_1_141' title='bbox 843 1671 916 1716; x_wconf 89' lang='lat' dir='ltr'>admo·</span> <span class='ocrx_word' id='word_1_142' title='bbox 984 1714 986 1719; x_wconf 57' lang='grc'><strong>,</strong></span> 
     </span>
     <span class='ocr_line' id='line_1_20' title="bbox 128 1736 984 1786; baseline -0.001 -9"><span class='ocrx_word' id='word_1_143' title='bbox 128 1749 204 1777; x_wconf 85' lang='lat' dir='ltr'>nemus</span> <span class='ocrx_word' id='word_1_144' title='bbox 222 1748 324 1786; x_wconf 82' lang='lat' dir='ltr'>rogamus</span> <span class='ocrx_word' id='word_1_145' title='bbox 342 1739 404 1785; x_wconf 88' lang='lat' dir='ltr'>atque</span> <span class='ocrx_word' id='word_1_146' title='bbox 423 1737 560 1785; x_wconf 87' lang='lat' dir='ltr'>precipimus,</span> <span class='ocrx_word' id='word_1_147' title='bbox 577 1749 603 1777; x_wconf 88' lang='lat' dir='ltr'>ue</span> <span class='ocrx_word' id='word_1_148' title='bbox 618 1737 735 1786; x_wconf 84' lang='lat' dir='ltr'>quamlibet</span> <span class='ocrx_word' id='word_1_149' title='bbox 753 1736 915 1776; x_wconf 87' lang='lat' dir='ltr'>ecclesiasticam</span> <span class='ocrx_word' id='word_1_150' title='bbox 982 1758 984 1776; x_wconf 74' lang='lat'>3</span> 
     </span>
     <span class='ocr_line' id='line_1_21' title="bbox 129 1801 916 1851; baseline -0.002 -9"><span class='ocrx_word' id='word_1_151' title='bbox 129 1802 272 1842; x_wconf 90' lang='lat' dir='ltr'>secularemve</span> <span class='ocrx_word' id='word_1_152' title='bbox 288 1814 400 1850; x_wconf 89' lang='lat' dir='ltr'>personam</span> <span class='ocrx_word' id='word_1_153' title='bbox 417 1802 525 1850; x_wconf 88' lang='lat' dir='ltr'>patiamini</span> <span class='ocrx_word' id='word_1_154' title='bbox 541 1802 645 1851; x_wconf 78' lang='lat' dir='ltr'>prefatum</span> <span class='ocrx_word' id='word_1_155' title='bbox 657 1801 771 1842; x_wconf 90' lang='lat' dir='ltr'>cenobium</span> <span class='ocrx_word' id='word_1_156' title='bbox 787 1803 822 1841; x_wconf 92' lang='lat' dir='ltr'>aut</span> <span class='ocrx_word' id='word_1_157' title='bbox 837 1802 855 1841; x_wconf 92' lang='lat' dir='ltr'>ei</span> <span class='ocrx_word' id='word_1_158' title='bbox 871 1813 916 1850; x_wconf 92' lang='lat' dir='ltr'>per·</span> 
     </span>
     <span class='ocr_line' id='line_1_22' title="bbox 129 1860 986 1916; baseline -0.001 -9"><span class='ocrx_word' id='word_1_159' title='bbox 129 1869 215 1907; x_wconf 90' lang='lat' dir='ltr'>tinentia</span> <span class='ocrx_word' id='word_1_160' title='bbox 234 1867 340 1908; x_wconf 80' lang='lat' dir='ltr'>infestare.</span> <span class='ocrx_word' id='word_1_161' title='bbox 360 1867 436 1907; x_wconf 89' lang='lat' dir='ltr'>Nullus</span> <span class='ocrx_word' id='word_1_162' title='bbox 455 1868 518 1907; x_wconf 87' lang='lat' dir='ltr'>etiam</span> <span class='ocrx_word' id='word_1_163' title='bbox 537 1869 630 1907; x_wconf 91' lang='lat' dir='ltr'>vestrum</span> <span class='ocrx_word' id='word_1_164' title='bbox 649 1879 738 1916; x_wconf 89' lang='lat' dir='ltr'>quoquo</span> <span class='ocrx_word' id='word_1_165' title='bbox 756 1867 823 1907; x_wconf 88' lang='lat' dir='ltr'>modo</span> <span class='ocrx_word' id='word_1_166' title='bbox 841 1866 918 1906; x_wconf 85' lang='lat' dir='ltr'>audeat</span> <span class='ocrx_word' id='word_1_167' title='bbox 983 1860 986 1889; x_wconf 65' lang='grc' dir='ltr'>’ἶ</span> 
     </span>
     <span class='ocr_line' id='line_1_23' title="bbox 129 1932 916 1982; baseline -0.002 -10"><span class='ocrx_word' id='word_1_168' title='bbox 129 1934 196 1982; x_wconf 88' lang='lat' dir='ltr'>ipsius</span> <span class='ocrx_word' id='word_1_169' title='bbox 204 1933 326 1973; x_wconf 89' lang='lat' dir='ltr'>monasterii</span> <span class='ocrx_word' id='word_1_170' title='bbox 335 1932 454 1973; x_wconf 89' lang='lat' dir='ltr'>monachos</span> <span class='ocrx_word' id='word_1_171' title='bbox 464 1934 649 1972; x_wconf 90' lang='lat' dir='ltr'>excommunicare</span> <span class='ocrx_word' id='word_1_172' title='bbox 658 1933 689 1972; x_wconf 84' lang='lat' dir='ltr'>vel</span> <span class='ocrx_word' id='word_1_173' title='bbox 699 1932 831 1973; x_wconf 87' lang='lat' dir='ltr'>interdicere.</span> <span class='ocrx_word' id='word_1_174' title='bbox 840 1933 916 1972; x_wconf 85' lang='lat' dir='ltr'>Totam</span> 
     </span>
     <span class='ocr_line' id='line_1_24' title="bbox 130 1998 918 2048; baseline -0.001 -10"><span class='ocrx_word' id='word_1_175' title='bbox 130 2001 224 2047; x_wconf 84' lang='lat' dir='ltr'>preterea</span> <span class='ocrx_word' id='word_1_176' title='bbox 244 1999 390 2040; x_wconf 83' lang='lat' dir='ltr'>Romanorum</span> <span class='ocrx_word' id='word_1_177' title='bbox 411 1999 571 2048; x_wconf 85' lang='lat' dir='ltr'>privilegiorum</span> <span class='ocrx_word' id='word_1_178' title='bbox 591 1999 667 2038; x_wconf 89' lang='lat' dir='ltr'>seriem</span> <span class='ocrx_word' id='word_1_179' title='bbox 688 1998 809 2038; x_wconf 85' lang='lat' dir='ltr'>inviolatam</span> <span class='ocrx_word' id='word_1_180' title='bbox 831 1998 861 2038; x_wconf 88' lang='lat' dir='ltr'>eis</span> <span class='ocrx_word' id='word_1_181' title='bbox 881 2008 918 2048; x_wconf 91' lang='lat' dir='ltr'>per</span> 
     </span>
     <span class='ocr_line' id='line_1_25' title="bbox 129 2062 917 2113; baseline -0.001 -10"><span class='ocrx_word' id='word_1_182' title='bbox 129 2076 168 2104; x_wconf 87' lang='lat' dir='ltr'>vos</span> <span class='ocrx_word' id='word_1_183' title='bbox 182 2064 284 2104; x_wconf 91' lang='lat' dir='ltr'>custodiri</span> <span class='ocrx_word' id='word_1_184' title='bbox 303 2063 447 2113; x_wconf 92' lang='lat' dir='ltr'>deposcimus.</span> <span class='ocrx_word' id='word_1_185' title='bbox 468 2063 584 2104; x_wconf 85' lang='lat' dir='ltr'>Universos</span> <span class='ocrx_word' id='word_1_186' title='bbox 603 2063 666 2103; x_wconf 87' lang='lat' dir='ltr'>etiam</span> <span class='ocrx_word' id='word_1_187' title='bbox 685 2065 728 2103; x_wconf 87' lang='lat' dir='ltr'>tam</span> <span class='ocrx_word' id='word_1_188' title='bbox 746 2062 836 2103; x_wconf 89' lang='lat' dir='ltr'>clericos</span> <span class='ocrx_word' id='word_1_189' title='bbox 853 2074 917 2112; x_wconf 88' lang='lat' dir='ltr'>quam</span> 
     </span>
     <span class='ocr_line' id='line_1_26' title="bbox 130 2128 988 2177; baseline -0.002 -8"><span class='ocrx_word' id='word_1_190' title='bbox 130 2129 194 2169; x_wconf 93' lang='lat' dir='ltr'>laicos</span> <span class='ocrx_word' id='word_1_191' title='bbox 205 2128 342 2169; x_wconf 83' lang='lat' dir='ltr'>exhortamur</span> <span class='ocrx_word' id='word_1_192' title='bbox 351 2129 453 2177; x_wconf 87' lang='lat' dir='ltr'>sepedicti</span> <span class='ocrx_word' id='word_1_193' title='bbox 465 2129 505 2168; x_wconf 89' lang='lat' dir='ltr'>loci</span> <span class='ocrx_word' id='word_1_194' title='bbox 517 2129 638 2168; x_wconf 85' lang='lat' dir='ltr'>exaltationi</span> <span class='ocrx_word' id='word_1_195' title='bbox 649 2131 670 2168; x_wconf 91' lang='lat' dir='ltr'>et</span> <span class='ocrx_word' id='word_1_196' title='bbox 681 2129 813 2177; x_wconf 87' lang='lat' dir='ltr'>provectioni</span> <span class='ocrx_word' id='word_1_197' title='bbox 826 2128 919 2171; x_wconf 75' lang='lat' dir='ltr'>fideliter</span> <span class='ocrx_word' id='word_1_198' title='bbox 987 2132 988 2135; x_wconf 76' lang='grc'>’</span> 
     </span>
    </p>
   </div>
   <div class='ocr_carea' id='block_1_14' title="bbox 129 2193 918 2440">
    <p class='ocr_par' dir='ltr' id='par_1_14' title="bbox 129 2193 918 2440">
     <span class='ocr_line' id='line_1_27' title="bbox 130 2193 917 2244; baseline -0.001 -10"><span class='ocrx_word' id='word_1_199' title='bbox 130 2195 233 2234; x_wconf 86' lang='lat' dir='ltr'>insistere.</span> <span class='ocrx_word' id='word_1_200' title='bbox 254 2193 311 2241; x_wconf 91' lang='lat' dir='ltr'>Quia</span> <span class='ocrx_word' id='word_1_201' title='bbox 330 2206 381 2234; x_wconf 87' lang='lat' dir='ltr'>vero</span> <span class='ocrx_word' id='word_1_202' title='bbox 400 2206 501 2243; x_wconf 80' lang='lat' dir='ltr'>maguam</span> <span class='ocrx_word' id='word_1_203' title='bbox 521 2194 578 2243; x_wconf 87' lang='lat' dir='ltr'>apud</span> <span class='ocrx_word' id='word_1_204' title='bbox 598 2206 636 2234; x_wconf 89' lang='lat' dir='ltr'>eos</span> <span class='ocrx_word' id='word_1_205' title='bbox 656 2194 766 2244; x_wconf 80' lang='lat' dir='ltr'>religionis</span> <span class='ocrx_word' id='word_1_206' title='bbox 784 2194 917 2242; x_wconf 87' lang='lat' dir='ltr'>disciplinam</span> 
     </span>
     <span class='ocr_line' id='line_1_28' title="bbox 130 2259 918 2309; baseline 0 -10"><span class='ocrx_word' id='word_1_207' title='bbox 130 2261 229 2300; x_wconf 88' lang='lat' dir='ltr'>novimus</span> <span class='ocrx_word' id='word_1_208' title='bbox 245 2260 358 2309; x_wconf 85' lang='lat' dir='ltr'>zelumque</span> <span class='ocrx_word' id='word_1_209' title='bbox 372 2259 458 2307; x_wconf 86' lang='lat' dir='ltr'>servari,</span> <span class='ocrx_word' id='word_1_210' title='bbox 473 2260 583 2300; x_wconf 87' lang='lat' dir='ltr'>universos</span> <span class='ocrx_word' id='word_1_211' title='bbox 599 2271 637 2300; x_wconf 86' lang='lat' dir='ltr'>vos</span> <span class='ocrx_word' id='word_1_212' title='bbox 652 2259 825 2308; x_wconf 88' lang='lat' dir='ltr'>archiepiscopos</span> <span class='ocrx_word' id='word_1_213' title='bbox 840 2262 861 2299; x_wconf 87' lang='lat' dir='ltr'>et</span> <span class='ocrx_word' id='word_1_214' title='bbox 875 2260 918 2308; x_wconf 88' lang='lat' dir='ltr'>epi-</span> 
     </span>
     <span class='ocr_line' id='line_1_29' title="bbox 129 2325 918 2377; baseline -0.003 -11"><span class='ocrx_word' id='word_1_215' title='bbox 129 2337 208 2375; x_wconf 87' lang='lat' dir='ltr'>scopos</span> <span class='ocrx_word' id='word_1_216' title='bbox 223 2328 310 2374; x_wconf 81' lang='lat' dir='ltr'>rogatos</span> <span class='ocrx_word' id='word_1_217' title='bbox 321 2325 427 2372; x_wconf 86' lang='lat' dir='ltr'>volumus,</span> <span class='ocrx_word' id='word_1_218' title='bbox 440 2337 466 2365; x_wconf 91' lang='lat' dir='ltr'>ne</span> <span class='ocrx_word' id='word_1_219' title='bbox 477 2325 512 2365; x_wconf 92' lang='lat' dir='ltr'>illo</span> <span class='ocrx_word' id='word_1_220' title='bbox 528 2325 554 2365; x_wconf 90' lang='lat' dir='ltr'>ad</span> <span class='ocrx_word' id='word_1_221' title='bbox 568 2325 662 2366; x_wconf 90' lang='lat' dir='ltr'>melioris</span> <span class='ocrx_word' id='word_1_222' title='bbox 677 2325 718 2365; x_wconf 90' lang='lat' dir='ltr'>vite</span> <span class='ocrx_word' id='word_1_223' title='bbox 733 2325 918 2377; x_wconf 86' lang='lat' dir='ltr'>conversationem</span> 
     </span>
     <span class='ocr_line' id='line_1_30' title="bbox 130 2390 673 2440; baseline 0.002 -10"><span class='ocrx_word' id='word_1_224' title='bbox 130 2391 216 2431; x_wconf 88' lang='lat' dir='ltr'>tendere</span> <span class='ocrx_word' id='word_1_225' title='bbox 231 2393 267 2430; x_wconf 89' lang='lat' dir='ltr'>aut</span> <span class='ocrx_word' id='word_1_226' title='bbox 282 2391 347 2431; x_wconf 88' lang='lat' dir='ltr'>laicos</span> <span class='ocrx_word' id='word_1_227' title='bbox 363 2390 493 2440; x_wconf 87' lang='lat' dir='ltr'>prohibeatis</span> <span class='ocrx_word' id='word_1_228' title='bbox 508 2394 544 2431; x_wconf 93' lang='lat' dir='ltr'>aut</span> <span class='ocrx_word' id='word_1_229' title='bbox 558 2391 673 2431; x_wconf 89' lang='lat' dir='ltr'>clericos...</span> 
     </span>
    </p>
   </div>
   <div class='ocr_carea' id='block_1_15' title="bbox 129 2469 921 2755">
    <p class='ocr_par' dir='ltr' id='par_1_15' title="bbox 129 2469 921 2755">
     <span class='ocr_line' id='line_1_31' title="bbox 184 2469 919 2517; baseline -0.001 -10"><span class='ocrx_word' id='word_1_230' title='bbox 184 2471 235 2508; x_wconf 84' lang='lat' dir='ltr'>Paul</span> <span class='ocrx_word' id='word_1_231' title='bbox 249 2471 305 2516; x_wconf 74' lang='lat' dir='ltr'>Kena,</span> <span class='ocrx_word' id='word_1_232' title='bbox 322 2471 420 2517; x_wconf 78' lang='lat' dir='ltr'>Papsturlr.</span> <span class='ocrx_word' id='word_1_233' title='bbox 435 2472 453 2507; x_wconf 93' lang='lat' dir='ltr'>in</span> <span class='ocrx_word' id='word_1_234' title='bbox 469 2471 558 2517; x_wconf 89' lang='lat' dir='ltr'>Spanieu,</span> <span class='ocrx_word' id='word_1_235' title='bbox 574 2471 596 2507; x_wconf 88' lang='lat' dir='ltr'>ll.</span> <span class='ocrx_word' id='word_1_236' title='bbox 616 2471 700 2507; x_wconf 84' lang='lat' dir='ltr'>Navarra</span> <span class='ocrx_word' id='word_1_237' title='bbox 713 2471 752 2507; x_wconf 88' lang='lat' dir='ltr'>und</span> <span class='ocrx_word' id='word_1_238' title='bbox 766 2470 843 2517; x_wconf 76' lang='lat' dir='ltr'>magon</span> <span class='ocrx_word' id='word_1_239' title='bbox 857 2469 919 2516; x_wconf 76' lang='grc'>(1928)</span> 
     </span>
     <span class='ocr_line' id='line_1_32' title="bbox 129 2531 920 2577; baseline -0.001 -10"><span class='ocrx_word' id='word_1_240' title='bbox 129 2533 173 2575; x_wconf 80' lang='grc'><strong>272;</strong></span> <span class='ocrx_word' id='word_1_241' title='bbox 188 2531 289 2567; x_wconf 81' lang='lat' dir='ltr'>Frotardus</span> <span class='ocrx_word' id='word_1_242' title='bbox 302 2531 362 2567; x_wconf 88' lang='lat' dir='ltr'>abbas</span> <span class='ocrx_word' id='word_1_243' title='bbox 375 2531 393 2567; x_wconf 83' lang='lat' dir='ltr'>S.</span> <span class='ocrx_word' id='word_1_244' title='bbox 404 2532 476 2575; x_wconf 84' lang='lat' dir='ltr'>Poucii,</span> <span class='ocrx_word' id='word_1_245' title='bbox 488 2531 512 2567; x_wconf 88' lang='lat' dir='ltr'>de</span> <span class='ocrx_word' id='word_1_246' title='bbox 526 2542 565 2577; x_wconf 91' lang='lat' dir='ltr'>quo</span> <span class='ocrx_word' id='word_1_247' title='bbox 578 2531 615 2567; x_wconf 91' lang='lat' dir='ltr'>iam</span> <span class='ocrx_word' id='word_1_248' title='bbox 629 2542 687 2576; x_wconf 90' lang='lat' dir='ltr'>supra</span> <span class='ocrx_word' id='word_1_249' title='bbox 701 2532 747 2567; x_wconf 83' lang='grc'>1089</span> <span class='ocrx_word' id='word_1_250' title='bbox 760 2532 778 2566; x_wconf 90' lang='lat' dir='ltr'>et</span> <span class='ocrx_word' id='word_1_251' title='bbox 793 2531 843 2575; x_wconf 78' lang='lat'>1091,</span> <span class='ocrx_word' id='word_1_252' title='bbox 854 2532 893 2569; x_wconf 85' lang='lat' dir='ltr'>lun.</span> <span class='ocrx_word' id='word_1_253' title='bbox 903 2532 920 2575; x_wconf 77' lang='lat'>8,</span> 
     </span>
     <span class='ocr_line' id='line_1_33' title="bbox 130 2590 921 2636; baseline -0.003 -9"><span class='ocrx_word' id='word_1_254' title='bbox 130 2591 198 2627; x_wconf 91' lang='lat' dir='ltr'>iterum</span> <span class='ocrx_word' id='word_1_255' title='bbox 210 2592 309 2636; x_wconf 83' lang='lat' dir='ltr'>tamquam</span> <span class='ocrx_word' id='word_1_256' title='bbox 323 2591 396 2636; x_wconf 81' lang='lat' dir='ltr'>legatus</span> <span class='ocrx_word' id='word_1_257' title='bbox 410 2590 458 2626; x_wconf 84' lang='lat' dir='ltr'>Petri</span> <span class='ocrx_word' id='word_1_258' title='bbox 474 2591 524 2636; x_wconf 82' lang='lat' dir='ltr'>regis</span> <span class='ocrx_word' id='word_1_259' title='bbox 539 2591 648 2636; x_wconf 77' lang='lat' dir='ltr'>Aragoniae</span> <span class='ocrx_word' id='word_1_260' title='bbox 661 2591 684 2626; x_wconf 90' lang='lat' dir='ltr'>ad</span> <span class='ocrx_word' id='word_1_261' title='bbox 700 2591 800 2626; x_wconf 87' lang='lat' dir='ltr'>Urbanum</span> <span class='ocrx_word' id='word_1_262' title='bbox 814 2591 829 2625; x_wconf 88' lang='lat' dir='ltr'>il</span> <span class='ocrx_word' id='word_1_263' title='bbox 844 2591 921 2626; x_wconf 87' lang='lat' dir='ltr'>venerat</span> 
     </span>
     <span class='ocr_line' id='line_1_34' title="bbox 130 2649 921 2696; baseline -0.001 -10"><span class='ocrx_word' id='word_1_264' title='bbox 130 2652 148 2686; x_wconf 90' lang='lat' dir='ltr'>et</span> <span class='ocrx_word' id='word_1_265' title='bbox 161 2652 234 2696; x_wconf 91' lang='lat' dir='ltr'>praeter</span> <span class='ocrx_word' id='word_1_266' title='bbox 247 2650 366 2696; x_wconf 84' lang='lat' dir='ltr'>privilegium</span> <span class='ocrx_word' id='word_1_267' title='bbox 376 2661 411 2696; x_wconf 91' lang='lat' dir='ltr'>pro</span> <span class='ocrx_word' id='word_1_268' title='bbox 421 2661 465 2695; x_wconf 84' lang='lat' dir='ltr'>rege</span> <span class='ocrx_word' id='word_1_269' title='bbox 478 2649 508 2695; x_wconf 87' lang='lat' dir='ltr'>(IL</span> <span class='ocrx_word' id='word_1_270' title='bbox 521 2649 576 2695; x_wconf 84' lang='lat'><strong>5552)</strong></span> <span class='ocrx_word' id='word_1_271' title='bbox 590 2650 646 2686; x_wconf 90' lang='lat' dir='ltr'>etiam</span> <span class='ocrx_word' id='word_1_272' title='bbox 655 2660 690 2695; x_wconf 87' lang='lat' dir='ltr'>pro</span> <span class='ocrx_word' id='word_1_273' title='bbox 700 2661 736 2686; x_wconf 88' lang='lat' dir='ltr'>suo</span> <span class='ocrx_word' id='word_1_274' title='bbox 746 2649 862 2686; x_wconf 87' lang='lat' dir='ltr'>monasterio</span> <span class='ocrx_word' id='word_1_275' title='bbox 872 2649 921 2685; x_wconf 88' lang='lat' dir='ltr'>hanc</span> 
     </span>
     <span class='ocr_line' id='line_1_35' title="bbox 130 2703 670 2755; baseline 0.002 -10"><span class='ocrx_word' id='word_1_276' title='bbox 130 2710 175 2746; x_wconf 84' lang='lat' dir='ltr'>tanti</span> <span class='ocrx_word' id='word_1_277' title='bbox 189 2709 257 2746; x_wconf 84' lang='lat' dir='ltr'>valoris</span> <span class='ocrx_word' id='word_1_278' title='bbox 271 2710 459 2746; x_wconf 86' lang='lat' dir='ltr'>commendationem</span> <span class='ocrx_word' id='word_1_279' title='bbox 472 2709 610 2755; x_wconf 85' lang='lat' dir='ltr'>impetraverat.</span> <span class='ocrx_word' id='word_1_280' title='bbox 623 2703 646 2746; x_wconf 83' lang='lat' dir='ltr'>ll.</span> <span class='ocrx_word' id='word_1_281' title='bbox 659 2730 670 2735; x_wconf 97' lang='lat'>-</span> 
     </span>
    </p>
   </div>
   <div class='ocr_carea' id='block_1_16' title="bbox 0 0 1000 3157">
    <p class='ocr_par' dir='ltr' id='par_1_16' title="bbox 0 0 1000 3157">
     <span class='ocr_line' id='line_1_36' title="bbox 0 0 1000 3157; baseline 0 0"><span class='ocrx_word' id='word_1_282' title='bbox 0 0 1000 3157; x_wconf 95' lang='lat' dir='ltr'> </span> 
     </span>
    </p>
   </div>
  </div>
 </body>
</html>
