1924 3132
326 168 419 199 DECRETA
433 168 483 198 Rom.
497 168 625 212 PONTII-‘rcum

455 330 511 374 236.

137 429 195 475 1107,
211 427 281 477 April.
297 430 316 468 Ι.
338 428 452 469 Paschulis
472 429 495 468 Il
514 428 588 468 abbati
608 440 663 469 mou.
686 429 709 469 S.
733 429 836 470 Germani
855 443 870 486 *a

81 493 162 541 Protis,
180 492 206 534 Ο.
222 493 245 534 S.
261 493 291 534 B:
304 491 604 550 (Saintssffiermaiades-Pre's,
619 492 700 540 Puris).

135 583 181 622 Nec
196 582 287 623 habeant
302 581 425 632 (episcopus
440 582 472 622 vel
487 583 555 623 clerus
571 583 677 623 Ecclesiae
693 582 824 630 Parisiensis)
841 584 869 624 ibi

82 647 174 696 aliquam
197 649 323 696 potestatem
344 648 470 697 imperandi,
491 648 529 688 sed
548 660 587 687 nec
607 648 658 697 ipsis
678 649 810 696 interdicere,
831 661 870 689 nec

82 714 274 759 excommunicare,
286 724 326 752 nec
340 712 367 752 ad
381 713 487 761 synodum
501 724 577 753 vocare
588 712 686 753 abbatem
698 716 733 753 aut
743 714 869 761 monachos,

83 778 217 835 presbyteros
227 781 263 818 aut
272 778 361 818 clericos
371 778 508 818 ecclesiarum
524 779 591 827 ipsius
601 778 642 818 loci
652 779 774 819 facultatem
785 780 869 820 damus.

135 852 158 892 R.
171 852 288 897 Poupardin,
303 852 377 891 Recueil
392 852 426 888 des
439 853 512 888 chartes
526 853 550 888 de
563 852 651 899 l’abhaye
664 853 688 888 de
701 853 870 889 Saint-Germain-

83 910 176 948 des-Pres
188 910 250 956 (Paris
264 910 317 956 1909)
332 913 337 947 l
353 913 397 955 118;
412 912 442 947 PL
456 911 495 956 163,
508 913 552 956 207;
567 912 590 948 IL
603 912 655 948 6128.

456 1046 513 1089 237.

139 1151 232 1198 noo-14,
248 1151 298 1191 Mai
311 1152 341 1191 ΙΙ,
357 1150 470 1191 Pasclzulis
484 1151 507 1190 ΙΙ
520 1151 649 1191 monasterio
665 1151 790 1192 rnonialium
806 1152 871 1192 Bene-

83 1217 157 1257 dictio.
173 1217 195 1258 S.
211 1216 314 1257 Iohannis
327 1217 365 1256 Eu.
381 1215 491 1256 ininsula
510 1215 580 1256 Cornu
595 1216 617 1255 in
632 1216 734 1257 suburbio
750 1217 872 1258 Mantuano

84 1282 137 1330 (Suu
153 1281 276 1329 Giovouui).

138 1372 285 1412 interdicimus
295 1373 359 1419 enim,
371 1374 394 1412 ut
404 1371 474 1412 nuilus
485 1372 599 1421 episcopus
613 1371 783 1419 jurisdictionem
794 1373 815 1418 in
827 1384 872 1412 mo-

83 1439 175 1478 nasterio
186 1440 256 1478 vestro
266 1438 306 1477 sibi
317 1438 437 1484 vendicare,
447 1440 482 1477 aut
492 1438 563 1478 locum
575 1439 644 1487 ipsum
656 1440 871 1478 excommunicationi

84 1504 207 1544 audeat'vel
223 1504 285 1543 etiam
301 1503 413 1543 interdicto
431 1503 548 1550 subjacere.

137 1578 321 1624 Pflugk-Harttung
329 1579 344 1613 ll
355 1579 388 1614 190
397 1588 424 1613 nr.
432 1579 472 1623 227,
480 1577 512 1624 qui
520 1578 658 1613 documentum
667 1578 736 1614 falsum
746 1588 788 1613 esse
796 1577 872 1623 judicat

85 1638 130 1674 Paul
145 1638 200 1682 Kehr,
214 1638 271 1673 Italia
281 1637 354 1681 Pontis.
368 1637 401 1673 Vil
416 1639 431 1682 1,
444 1637 479 1673 316
494 1637 630 1682 «privilegium
644 1637 697 1682 quod
710 1640 773 1673 tamen
787 1639 805 1673 et
817 1638 873 1673 inter-

84 1697 170 1743 polatum
179 1699 197 1733 et
205 1698 316 1742 corruptum
325 1707 367 1732 esse
376 1698 455 1733 constat.
465 1696 502 1733 Sed
512 1696 536 1732 de
545 1707 565 1732 re
575 1697 656 1732 dubitari
666 1696 753 1742 nequit».
764 1719 785 1722 —
795 1697 817 1732 iL
826 1697 873 1732 6133

84 1756 108 1793 ad
121 1767 138 1793 a.
152 1757 203 1793 1107.

458 1867 514 1909 238.

140 1968 198 2007 1107.
214 1965 327 2007 Pusclrulis
341 1966 364 2005 II
376 1965 450 2005 abbati
463 1977 519 2005 mou.
531 1965 553 2006 S.
565 1965 639 2005 Pontii
653 1968 674 2005 et
686 1966 793 2006 Electerzsi
807 1964 872 2015 (Alei,

85 2044 127 2071 arr.
143 2031 170 2071 de
182 2028 277 2077 Limoux)
293 2031 374 2071 abbati.

139 2116 210 2155 Frater
229 2117 301 2155 noster
320 2114 430 2162 Ricardus,
450 2114 612 2154 Narbonnensis
632 2115 817 2164 metropolitanus,
839 2115 874 2154 ad-

85 2192 158 2221 versus
175 2180 311 2220 dilectionem
329 2182 419 2219 vestram
437 2180 582 2228 conqueritur,
601 2180 660 2228 quod
678 2180 874 2220 excommunicatos

85 2249 106 2287 et
123 2245 246 2286 interdictos
263 2245 289 2285 ab
307 2257 333 2284 eo
351 2246 371 2284 in
389 2246 565 2285 communionem
583 2247 604 2285 et
621 2246 806 2295 participationem
826 2248 874 2286 ante

85 2312 242 2357 absolutionem
258 2311 385 2359 suscipiatis,
397 2322 445 2350 cum
461 2322 504 2350 non
519 2311 589 2350 solum
601 2322 647 2357 vos,
659 2323 732 2350 verum
748 2311 811 2351 etiam
827 2311 873 2351 laici

85 2389 128 2417 non
140 2378 245 2426 ignorent,
257 2377 359 2426 quoniam
371 2376 468 2425 iniquum
483 2379 503 2416 et
518 2379 591 2416 contra
602 2388 695 2416 canones
706 2377 739 2424 sit,
752 2388 800 2416 cum
812 2377 874 2417 inier-

86 2444 148 2483 dictis
158 2445 178 2483 et
188 2442 377 2482 excommunicatis
388 2442 554 2489 communicare,
566 2444 586 2481 et
597 2453 671 2481 eorum
684 2442 775 2490 peccatis
786 2441 873 2481 involvi.

86 2509 132 2548 Nos
147 2519 197 2548 vero
213 2508 234 2547 in
248 2507 340 2559 concilio
355 2507 414 2556 quod
430 2507 486 2555 apud
500 2507 578 2547 Trecas
593 2504 689 2555 (Troyes,
708 2508 766 2554 1107,
782 2506 824 2546 Mai
839 2505 874 2552 23)

86 2574 247 2620 celebravimus
256 2575 378 2613 sanctorum
390 2572 475 2612 Patrum
487 2572 570 2612 decreta
581 2575 702 2621 sequentes,
714 2574 757 2611 tam
768 2572 876 2621 episcopis

86 2651 150 2689 quarn
161 2638 273 2679 abbatibus
284 2641 304 2678 et
314 2639 389 2678 ceteris
399 2638 481 2678 clericis
492 2637 646 2684 interdiximus,
656 2649 682 2677 ne
693 2638 781 2677 ulterius
791 2649 875 2678 excom-

87 2705 206 2745 municatos
217 2704 249 2744 vel
260 2704 383 2744 interdictos
394 2703 420 2743 ab
431 2703 472 2743 alio
484 2704 504 2742 in
515 2715 553 2743 sua
564 2702 664 2752 parochia
675 2704 800 2752 reciperent.
811 2703 877 2751 igitur

830 2795 838 2822 5
