1975 3157
143 155 163 189 10
385 161 478 190 orcum
493 161 542 191 Rom.
556 161 683 189 PONTlFlCUlll

140 282 262 331 sumpserit,
274 282 319 331 ipse
329 281 550 322 excommunicatione
561 283 632 322 nostra
642 271 806 331 constringatur,
816 284 836 322 et
846 281 926 322 dictum

141 348 293 387 monasterium
307 358 354 387 cum
366 346 442 387 abbate
457 349 477 395 et
492 346 592 387 omnibus
602 348 646 387 suis
656 346 777 387 absolutum
789 346 815 387 ab
828 347 927 396 imposita

141 412 180 453 sibi
196 412 416 452 excommunicatione
431 412 548 461 apostolica
563 412 687 453 auctoritate
703 415 793 453 maneat.

196 486 225 522 PL
240 488 278 531 143,
292 486 335 530 0403
350 487 436 522 1L4211.

516 615 555 658 96.

197 717 255 762 1050,
271 714 334 763 April
348 717 381 755 13.
400 715 440 755 Leo
457 715 489 754 IX
505 715 636 764 Ingelbundo
654 715 727 755 abbati
743 715 868 755 tnoizasierii
884 716 927 756 Do-

141 781 207 820 lensis
223 779 313 826 (De'ols).
739 802 741 809 ·

236 871 257 910 ln
273 873 353 910 tantum
370 871 432 911 etiam
448 873 470 911 ut
485 882 524 910 nec
539 870 616 918 presuli
633 870 757 910 Bituricensi
773 868 895 920 (Bourges),
908 871 927 910 in

142 935 202 984 cujus
217 935 317 986 parochia
332 937 395 976 situm
411 948 457 976 esse
472 935 555 976 videtur
570 935 620 975 illud
637 936 788 976 monasterium
803 934 927 982 jamdictum

142 1014 189 1042 cum
206 1001 314 1049 adiacente
329 1002 381 1042 cella
396 1001 524 1042 Vodolionis
535 998 653 1047 lVouillon)
665 1002 752 1041 nomine
767 1005 787 1041 et
802 1002 874 1041 omnia
888 1002 929 1042 alia

142 1068 269 1107 monasteria
280 1067 312 1107 vel
323 1067 423 1107 ecclesias
434 1067 504 1116 aliqua
515 1067 596 1107 ratione
606 1068 791 1107 excommunicare
802 1067 870 1107 liceat.
887 1067 928 1107 Sed

142 1134 158 1173 si
177 1145 263 1173 necesse
281 1133 350 1173 eidem
369 1132 447 1182 presuli
466 1133 528 1172 fuerit
546 1135 614 1172 totum
633 1133 756 1172 comitatum
776 1133 928 1172 Bituricensem

142 1199 334 1245 excommunicare,
346 1210 421 1238 omnes
432 1198 531 1238 monachi
547 1197 642 1245 ejusdem
658 1198 780 1238 monasterii
796 1210 844 1237 curn
860 1198 928 1238 omni-

142 1264 262 1304 busseriis
280 1266 300 1303 et
318 1264 399 1303 ancillis
416 1276 440 1303 ac
458 1264 588 1312 quotidianis
606 1262 746 1303 servientibus
765 1263 859 1311 eiusdem
879 1264 927 1304 loci.

143 1330 254 1378 liceatque
270 1329 312 1369 illic
327 1329 373 1369 Deo
388 1328 540 1369 famulantibus
558 1328 669 1369 monachis
684 1331 704 1369 et
719 1328 813 1369 divinum
832 1328 928 1369 officium

142 1407 204 1444 agere
220 1397 240 1434 et
253 1395 367 1443 jamdictos
381 1406 432 1435 suos
450 1394 562 1442 tumulare,
579 1406 605 1434 eo
620 1396 690 1434 tamen
709 1396 822 1441 conventu,
839 1396 861 1434 ut
876 1394 929 1434 alios

142 1460 240 1500 homines
255 1460 334 1509 ubique
350 1460 452 1508 degentes
467 1472 478 1500 a
493 1460 623 1500 Bituricense
635 1459 718 1509 presule
733 1460 929 1499 excommunicatos

143 1526 195 1565 infra
210 1527 313 1566 terminos
328 1526 450 1566 monasterii
466 1537 509 1565 non
525 1526 626 1574 recipiant
641 1526 701 1565 vivos
716 1537 756 1565 nec
770 1528 875 1572 mortuos,
891 1524 929 1565 sed

142 1592 218 1631 clausis
232 1591 301 1639 januis
316 1591 355 1640 ipsi
372 1590 470 1631 monachi
485 1590 582 1631 Domino
597 1593 646 1631 vota
660 1602 698 1630 sua
714 1590 842 1639 persolvant.

198 1664 322 1709 lilierlerliolci,
336 1666 434 1711 Papsturl.
448 1665 466 1700 in
481 1665 592 1701 Frankreiclr
606 1663 669 1710 (1910)
683 1664 781 1701 BeihelfV
794 1666 816 1700 28
826 1677 852 1700 nr.
862 1666 878 1700 2.
890 1664 930 1700 lL-

518 1793 557 1835 97.

199 1886 256 1931 1050,
275 1884 333 1933 Sept.
352 1884 392 1924 Leo
410 1884 443 1923 lx
458 1882 561 1923 celebrato
578 1883 657 1932 sinodo
679 1883 805 1924 Vercellensi
821 1884 930 1924 airnardo

142 1950 216 1990 abbati
232 1950 357 1990 monasterii
373 1949 396 1990 S.
416 1948 530 1989 Michaelis
552 1948 605 1995 (San
623 1949 715 1989 Miclzele
732 1949 789 1989 della
808 1949 890 1990 Chiusu
908 1949 929 1990 d.

130 2012 230 2063 lorino)
244 2014 358 2064 privilegia
373 2013 474 2054 concedit.

197 2104 312 2153 Episcopo,
332 2104 352 2142 in
371 2103 431 2143 cuius
451 2103 543 2143 dioecesi
562 2103 601 2143 site
619 2105 667 2143 sunt
686 2103 781 2150 ecclesie,
802 2104 931 2152 precipimus

143 2172 163 2210 et
184 2169 273 2209 omnino
296 2169 449 2215 interdicimus,
471 2170 493 2208 uf
514 2168 593 2208 nullam
617 2169 785 2209 dominationem
808 2169 931 2220 nullamque

143 2235 308 2285 postulationem
324 2247 348 2275 ac
363 2237 489 2284 potestatem
505 2235 533 2274 illi
549 2246 645 2283 erogare,
656 2234 694 2275 sed
709 2236 891 2276 consecrationem
907 2248 931 2276 ac

143 2301 299 2341 ordinationem
317 2302 382 2350 gratis
399 2300 484 2340 tribuat.
502 2300 576 2348 Quod,
599 2301 616 2340 si
634 2302 699 2350 gratis
716 2301 784 2341 facere
802 2301 894 2342 noluerit
908 2314 931 2342 ac

143 2367 235 2415 aliquam
251 2367 359 2406 dationem
374 2366 504 2406 affectaverit
519 2377 543 2406 ac
558 2377 597 2415 pro
612 2366 653 2407 hoc
667 2365 790 2407 calumniari
806 2367 897 2408 voluerit
912 2369 932 2407 ct

143 2432 242 2473 ecclesias
264 2434 284 2472 et
306 2432 389 2481 aliquos
412 2432 540 2481 pertinentes
562 2432 747 2473 excommunicare
769 2432 867 2480 voluerit,
886 2434 931 2482 ipse

143 2497 364 2538 excommunicatione
380 2501 452 2538 nostra
467 2498 624 2546 constringatur
638 2509 662 2537 ac
677 2500 833 2546 prememorata
844 2499 932 2539 ecclesia

143 2566 163 2604 et
178 2575 252 2603 eorum
264 2564 336 2604 omnia
347 2562 438 2604 absoluti
449 2562 476 2603 ab
487 2563 579 2612 imposta
594 2562 633 2603 sihi
649 2564 870 2604 excommunicatione
881 2576 939 2614 apo<

143 2629 217 2670 stolica
232 2630 357 2669 auctoritate
373 2632 474 2669 maneret.

197 2702 382 2750 Pslugk-Harttung
393 2704 408 2739 ll
422 2704 445 2739 75
459 2715 486 2739 nr.
501 2705 542 2747 109;
557 2704 647 2747 1L4237;
661 2703 719 2740 Italia
737 2703 810 2749 Pontis.
824 2704 848 2741 Vl
862 2706 878 2749 2,
893 2706 931 2740 122,
