1924 3132
288 148 381 179 pecunia
394 148 444 177 Rom,
459 147 587 176 PONTIFICUM
628 148 630 151 '

417 299 456 340 98.

99 399 157 445 1057,
173 397 234 438 Febr.
245 399 282 438 27.
297 397 367 438 Victor
376 398 398 437 11
410 394 511 437 anselmo
521 397 596 437 abban·
604 397 729 437 monasterii
740 397 766 438 0.
774 397 796 437 S.
803 397 829 437 Β.

43 463 184 576 structiles&
199 464 298 512 martyris
317 463 339 503 in
356 463 440 503 civitate
459 462 550 512 Segesta
567 459 600 510 (S.
621 462 706 511 Otusto,
724 463 788 510 Susa,
808 462 830 503 (1,

47 529 122 570 Torrno
135 560 139 568 .

98 618 187 667 Insuper
201 618 318 668 apostolica
333 618 457 659 auctoritate
473 618 591 658 indicamus
606 621 628 658 ut
643 618 713 658 nullus
730 617 832 667 archiepi-

44 695 159 733 scoporum
175 684 207 724 vel
223 684 374 733 episcoporum
391 684 542 724 monasterium
558 684 626 733 ipsum
638 684 670 723 vet
681 682 779 724 abbatem
796 683 831 732 qui

46 749 124 790 ibidem
139 749 202 789 iuerit
217 749 243 789 ab
258 749 307 789 hinc
322 752 342 789 et
358 750 440 789 inantea
457 761 495 789 seu
513 749 605 798 aliquem
622 762 646 789 ex
661 750 832 798 congregacione

45 814 176 863 constringat
190 817 211 854 et
225 814 305 854 dictum
321 815 473 855 monasterium
488 826 537 854 cum
549 814 624 854 abbate
639 817 659 854 et
674 814 775 854 omnibus
789 814 833 854 suis

45 881 166 921 absolutum
182 880 208 920 ab
224 881 323 929 imposita
338 880 378 920 sibi
394 881 618 920 excommunicacione
633 881 751 929 apostolica
761 882 832 919 aucto-

46 947 105 986 ritate
120 948 211 986 maneat.
631 982 634 986 .
837 993 840 1000 Ι

97 1020 150 1056 Paul
161 1020 217 1065 Kehr,
230 1020 327 1066 Papstnrk,
337 1021 355 1056 in
365 1020 433 1064 Turin;
447 1020 574 1056 Nachrichien
586 1020 603 1055 d.
612 1021 635 1057 G.
644 1020 760 1066 Goettingen
770 1020 833 1065 (19111)

45 1081 76 1123 84;
86 1079 143 1116 ltalia
151 1080 224 1124 Pontis.
233 1080 256 1115 Vi
267 1082 283 1124 2,
294 1081 336 1124 118;
345 1080 408 1116 textus
415 1080 483 1116 dicitur
490 1080 539 1116 male
546 1081 669 1116 conservatus
679 1090 725 1124 esse,
734 1081 834 1125 propterea

45 1150 154 1185 supponere
168 1139 210 1175 licet
219 1140 266 1175 inter
274 1139 332 1176 verba
347 1153 354 1168 ‹<
363 1139 516 1185 congregacione
547 1141 565 1175 et
580 1153 587 1168 «
596 1139 713 1185 constringat
721 1154 729 1168 ³»
744 1139 833 1185 supplen-

46 1200 91 1234 dum
105 1209 146 1235 esse
162 1214 169 1228 r:
178 1198 376 1235 excommunicatione
385 1213 400 1244 >›,
416 1192 464 1235 sicut
479 1207 502 1234 ex
516 1199 640 1244 sequentibus
656 1200 706 1244 patet
719 1200 737 1235 et
750 1198 768 1233 in
782 1198 833 1234 simi-

46 1258 95 1294 libus
108 1258 229 1295 documentis
243 1258 315 1304 legitur.
333 1259 355 1295 IL
369 1279 379 1285 -

419 1388 459 1430 99.

103 1488 196 1526 1055-57.
216 1486 286 1526 Victor
299 1487 321 1525 11
335 1486 446 1535 &aufredo
460 1486 532 1526 comiti
548 1486 711 1536 noreganorum
729 1483 834 1536 (singem)

46 1554 67 1592 et
80 1552 160 1602 Agneti
173 1552 300 1592 comitissae.
316 1552 471 1592 Monasterinm
488 1552 514 1592 Ο.
524 1552 547 1592 S.
556 1553 582 1592 B.
602 1551 755 1592 Vindocinense
769 1549 834 1598 (Ven-

46 1615 115 1665 dome)
130 1616 188 1666 quod
201 1629 268 1657 comes
282 1616 308 1657 cle
322 1628 374 1657 novo
385 1617 496 1666 fundavit,
511 1617 630 1666 privilegiis
645 1619 739 1657 exornat.

101 1706 149 1746 Hoc
164 1706 226 1746 etiam
242 1706 354 1754 adjicimus
369 1709 391 1746 ut
406 1708 448 1746 tam
464 1708 484 1745 in
498 1706 650 1748 Vindocinensi
666 1706 722 1753 loco,
734 1717 798 1755 quam
815 1706 834 1745 in

47 1771 116 1811 Sancti
132 1770 246 1811 Salvatoris
260 1771 317 1818 juxta
331 1770 453 1821 Andegavis
468 1782 541 1810 muros
552 1771 647 1815 ecclesia,
660 1771 710 1811 nulli
723 1782 833 1820 personae,

47 1836 86 1876 nisi
102 1836 149 1876 solo
165 1837 262 1878 Romano
278 1836 373 1886 pontifici
390 1837 450 1876 liceat
466 1838 592 1885 potestatem
608 1837 701 1885 aliquam
716 1838 752 1876 aut
767 1836 835 1876 domi-

48 1902 155 1942 nationem
171 1913 275 1949 exercere,
292 1904 327 1943 aut
344 1902 529 1942 excommunicare
547 1913 584 1941 sen
602 1902 734 1948 interdicere,
754 1901 835 1941 etiamsi

47 1966 186 2007 Carnotensis
194 1970 229 2007 aut
237 1966 397 2016 Andegavensis
409 1968 475 2016 patria
487 1979 526 2016 pro
534 1967 602 2016 culpis
611 1966 741 2016 quibuslibet
752 1978 836 2007 excom-

48 2033 189 2079 municentur,
201 2033 378 2073 excommunicati
390 2036 459 2073 tamen
475 2045 486 2072 a
502 2032 612 2073 monachis
628 2045 670 2072 non
686 2033 835 2082 suscipiantur.

102 2106 132 2142 ΡΙ.
147 2108 180 2143 143
200 2108 244 2149 8193
258 2107 281 2142 lL
293 2107 346 2143 4352.

425 2235 479 2278 100.

104 2336 162 2382 1058,
178 2334 200 2374 in
215 2346 285 2374 mense
302 2334 387 2374 Martii.
406 2334 528 2384 Stephanus
544 2336 567 2375 X
583 2335 673 2385 Hngoni
690 2334 764 2375 abbati
780 2346 836 2375 mon.

50 2399 205 2441 Cluniacensis.
221 2400 359 2449 Privilegium
372 2412 411 2449 pro
426 2400 523 2440 omnibns
537 2400 673 2441 monasteriis
691 2400 837 2441 Cluniacensi-

49 2466 88 2506 bus
103 2463 189 2516 (cruny,
205 2466 226 2506 d.
242 2463 339 2514 mocon).

102 2555 148 2595 Nec
163 2556 239 2605 quovis
254 2555 321 2595 modo
339 2555 460 2605 quicunque
478 2556 593 2605 episcopus
610 2567 647 2596 seu
657 2555 838 2607 ‚archiepiscopus

49 2621 120 2661 locum
141 2621 210 2670 ipsum
230 2621 263 2661 vei
283 2620 401 2661 monachos
420 2621 465 2669 ejus
487 2623 672 2662 excommunicare
692 2621 725 2661 vel
744 2621 838 2671 iudicare

50 2687 133 2734 audeat.
154 2686 192 2727 sed
211 2698 296 2737 semper
315 2687 355 2728 sub
374 2687 439 2728 tutela
461 2689 481 2727 et
501 2687 633 2728 immunitate
654 2687 762 2730 Romanae
782 2687 838 2728 sedis
