1924 3132
303 143 431 181 scarrroaes
445 143 556 185 earsrorne
800 136 822 171 17

35 265 122 315 cognito
137 264 238 313 Virgilius
253 265 367 314 episcopus
378 264 570 304 excommunicavit
581 261 709 310 (ecclesiam)
721 266 741 303 et
751 262 823 312 appel-

35 332 84 372 lavit
99 330 234 370 Discordiam
250 333 270 370 et
284 329 385 370 omnibus
407 329 534 379 presbyteris
557 328 691 376 contradixit,
714 331 737 369 ut
758 340 822 369 nemo

36 397 63 438 ibi
79 398 171 436 cantaret
186 395 272 435 missam
288 407 327 435 nec
342 395 399 434 aliud
414 395 510 435 oiticium
529 395 576 442 Dei,
595 397 615 434 et
633 395 660 433 ita
677 394 823 434 excommuni-

35 464 80 503 cata
95 461 217 510 permansit,
234 473 347 510 quousque
362 460 464 509 Virgilius
479 460 593 509 episcopus
611 460 668 499 vixit.
681 460 740 499 Haec
751 460 823 499 omnia

35 527 137 575 Virgilius
151 527 265 575 episcopus
280 538 291 565 a
306 526 356 565 viris
371 526 432 565 valde
442 524 529 565 senibus
539 528 602 574 atque
613 525 724 564 veracibus
735 524 823 573 diligen-

35 597 66 633 ter
81 593 202 641 perquirere
217 592 304 638 studuit,
322 592 456 639 posterisque
471 590 497 630 ad
508 591 634 630 memoriam
646 591 723 639 scripta
734 589 821 630 dimisit.

88 666 189 710 Mutrium,
203 666 250 701 ncta
263 666 294 702 SS.
309 665 355 701 Ord.
375 665 393 701 S.
413 665 515 709 Benedicti,
535 665 587 701 Saec.
607 665 631 699 lll
654 664 699 700 Pars
719 665 733 699 ll
754 666 789 699 283
808 675 823 701 s.

36 727 127 772 (Venetiis
141 724 200 770 1734).

419 836 442 879 9.

89 943 136 983 869.
152 943 183 982 Ex
198 942 294 991 epistolis
308 942 429 982 Hincmnri.
477 986 479 990 Α

89 1023 153 1059 Brevis
167 1026 290 1068 conspectus:
305 1023 420 1058 Hincmarus
435 1022 499 1057 senior
508 1032 523 1057 a.
533 1023 568 1057 845
577 1021 733 1067 archiepiscopus
744 1022 823 1060 Remen-

36 1084 61 1118 sis
73 1082 133 1118 tactus
146 1084 183 1125 est;
197 1082 237 1117 eius
251 1093 318 1128 nepos,
331 1081 361 1117 cui
375 1081 426 1117 idem
442 1092 513 1116 nomen
529 1081 709 1126 Hincmaruserat,
729 1081 752 1117 ab
772 1092 823 1117 anno

35 1144 69 1178 858
82 1142 181 1178 ecclesiam
200 1142 347 1177 Laudnnensem
366 1139 435 1185 (laon)
454 1140 572 1189 gubernavit.
593 1140 647 1176 lnitio
667 1141 739 1176 amicus
759 1140 823 1177 Caroli

36 1202 85 1246 regis
99 1203 124 1237 Η.
138 1201 197 1236 Laud.
210 1201 261 1236 brevi
275 1201 406 1246 imprudenter
418 1200 495 1245 agendo
508 1200 555 1236 iram
569 1200 618 1245 regis
632 1203 697 1236 contra
706 1211 726 1236 se
736 1200 824 1236 excitavit

36 1262 59 1297 ab
73 1253 135 1307 eoque
149 1262 169 1296 ut
182 1260 274 1296 rationem
288 1260 374 1295 redderet
387 1260 411 1295 ad
425 1259 521 1305 synodum
535 1259 716 1305 comprovincialem
732 1260 750 1295 in
771 1259 823 1305 regio

36 1320 105 1366 palatio
117 1320 215 1357 Vermeria
227 1320 258 1355 die
271 1321 294 1355 24
307 1319 370 1364 aprilis
384 1320 418 1356 869
431 1319 565 1355 celebrandam
578 1321 657 1355 vocatus
673 1322 706 1355 est.
716 1320 824 1365 Episcopus

36 1380 104 1415 timens
117 1390 141 1415 ne
154 1380 172 1414 in
186 1380 261 1424 synodo
275 1389 338 1424 poena
351 1378 462 1423 aliiceretur,
476 1376 586 1424 priusquam
596 1378 693 1424 proiectus
702 1381 736 1423 est,
745 1379 824 1415 clericos

36 1450 81 1474 suae
94 1438 188 1474 dioecesis
201 1432 322 1474 convocatos
332 1438 428 1483 obligavit,
442 1440 467 1482 ut,
481 1438 514 1473 ubi
529 1439 612 1483 primum
627 1438 646 1473 in
666 1439 741 1485 synodo
761 1439 824 1484 aliqua

36 1499 124 1534 violentia
137 1499 203 1534 contra
216 1508 260 1533 eum
274 1499 398 1542 exerceretur,
412 1498 473 1533 statim
487 1508 555 1533 omnes
569 1509 579 1533 a
592 1497 661 1533 divinis
671 1498 739 1534 oliiciis
749 1498 824 1543 penitus

36 1560 136 1593 cessarent.
151 1558 170 1593 ln
185 1558 219 1592 hac
232 1559 295 1593 tamen
309 1557 384 1603 synodo
398 1557 443 1592 nihil
457 1558 523 1593 contra
532 1568 576 1593 eum
585 1559 648 1592 actum
658 1559 691 1600 est,
701 1557 824 1603 probabiliter

37 1619 114 1663 propter
126 1617 281 1653 intercessionem
297 1617 394 1652 tlincmari
410 1617 514 1655 Remensis.
534 1616 583 1653 Cum
597 1627 642 1652 vero
662 1617 786 1653 nihilominus
805 1617 823 1653 in

37 1687 71 1712 sua
84 1676 212 1722 imprudentia
225 1677 337 1721 persisteret,
351 1687 383 1711 rex
397 1688 441 1712 eum
455 1676 513 1722 paulo
532 1678 581 1722 post,
595 1676 634 1712 scil.
649 1676 679 1712 die
695 1678 717 1713 28
733 1676 785 1720 Maii,
805 1676 823 1713 in

36 1736 105 1781 palatio
119 1736 193 1772 Silvaco
207 1735 296 1781 (Servais)
310 1736 328 1771 in
342 1746 436 1771 carcerem
450 1735 535 1772 detrusit.
548 1736 609 1771 Antea
625 1736 727 1782 episcopus
745 1736 824 1772 clericos

38 1806 83 1831 suos
96 1796 163 1832 iterum
178 1796 202 1831 de
215 1795 283 1831 divinis
297 1795 364 1831 otiiciis
377 1795 396 1831 in
409 1797 449 1831 tota
462 1795 545 1831 dioecesi
559 1795 669 1831 omittendis
684 1797 789 1840 monuerat,
805 1799 825 1832 ut

37 1855 120 1900 populus
133 1857 198 1891 contra
212 1866 276 1900 regem
290 1856 403 1891 moveretur.

90 1913 157 1951 Clerici
171 1914 308 1950 laudunenses
321 1914 339 1949 in
353 1915 451 1960 angustias
464 1915 540 1960 redacti,
554 1926 598 1951 curn
612 1917 678 1951 contra
690 1915 768 1951 vetitum
786 1915 824 1961 epi-

36 1974 90 2019 scopi
104 1985 161 2020 agere
174 1985 213 2010 non
226 1975 323 2019 auderent,
336 1975 398 2020 statim
412 1986 446 2021 per
459 1975 558 2020 epistolam
571 1975 595 2010 ad
606 1975 754 2021 Metropolitam,
765 1975 824 2010 tlinc·

37 2044 110 2069 marum
125 2034 238 2073 Remensem
252 2036 374 2070 recurrerunt.
390 2036 504 2071 ilincmarus
518 2036 571 2071 nisus
584 2034 695 2071 auctoritate
708 2046 742 2071 sua
756 2036 824 2070 metro·

37 2093 120 2137 politana
129 2093 278 2139 prohibitionem
288 2094 374 2139 episcopi
383 2095 453 2130 irritam
467 2094 568 2130 declaravit
577 2094 679 2139 divinaque
689 2094 752 2130 oflicia
762 2094 824 2130 statim

37 2153 151 2189 resumenda
164 2163 206 2189 esse
218 2152 278 2198 jussit.
291 2153 351 2189 Simul
360 2153 384 2189 ad
394 2155 484 2199 nepotem
494 2164 550 2189 suum
560 2153 650 2199 epistolas
660 2153 716 2198 misit,
726 2153 744 2188 in
754 2153 825 2199 quibus

37 2222 81 2247 eum
94 2214 171 2258 propter
183 2214 221 2248 tarn
235 2212 341 2248 inauditum
355 2214 435 2249 modum
449 2213 565 2259 procedendi
579 2214 701 2250 vehementer
714 2214 825 2259 vituperavit

37 2271 146 2317 pluriesque
160 2272 238 2317 rogavit,
252 2274 272 2308 ut
285 2273 325 2318 ipse
340 2283 418 2319 qnoque
432 2272 580 2318 prohibitionem
596 2284 650 2308 suam
666 2275 767 2309 revocaret.
787 2272 824 2309 Sed

37 2329 109 2367 trustra.
124 2332 185 2367 lrnmo
199 2332 258 2387 Laud.
268 2332 371 2377 respondet
379 2342 400 2368 se
409 2332 515 2368 secundum
525 2333 631 2369 doctrinam
641 2333 737 2377 ecclesiae,
751 2332 824 2378 praxim

37 2389 159 2435 Apostolicae
173 2391 223 2427 sedis
237 2394 255 2427 et
267 2391 327 2437 ipsius
340 2391 478 2438 archiepiscopi
492 2392 591 2430 Remensis
605 2392 673 2438 egisse⁴

91 2450 204 2496 Eplurimis
218 2452 236 2486 et
248 2451 345 2497 perlongis
361 2451 445 2496 epistolis
464 2452 539 2498 aliquos
558 2455 629 2489 tantam
649 2454 711 2489 textus
731 2453 824 2499 eligimus,

38 2509 69 2554 qui
84 2520 151 2546 omnes
165 2510 189 2546 de
202 2510 269 2546 eadem
284 2522 303 2546 re
316 2513 380 2556 agunt.

91 2569 119 2605 De
138 2570 242 2606 Hincmaro
262 2571 342 2606 multum
361 2571 453 2616 scriptum
473 2573 506 2615 est,
520 2571 601 2607 conferri
620 2573 701 2612 possunt
714 2572 762 2608 inter
778 2571 823 2608 alia:

33 2627 62 2662 Ἠ.
76 2628 171 2674 Schroers,
186 2629 278 2666 Hinknrar
291 2641 328 2666 von
343 2630 420 2669 ereims
433 2630 533 2676 (Freiburg
548 2622 610 2675 1884);
631 2630 652 2667 C.
673 2643 707 2667 von
727 2632 824 2676 Nooraten,

39 2687 131 2725 Hinlrmar
144 2701 182 2725 von
196 2689 273 2728 Rheims
287 2689 349 2736 (Bonn
365 2690 427 2735 1863);
442 2702 477 2727 von
490 2691 563 2736 Hefela
577 2690 786 2738 Conciliengesclrichte
801 2692 824 2729 lV

799 2776 807 2801 2
