1975 3157
155 156 178 191 80
430 163 523 193 DECRETA
536 163 667 193 SYNODORUM

156 286 212 323 ratus
227 283 321 330 infamia,
337 282 425 323 lionoris
440 283 472 323 sui
488 283 605 332 periculum
622 283 724 323 incurrat:
736 285 757 323 et
767 282 848 322 tamdiu
859 293 943 322 excom-

156 349 275 389 municetur
285 351 305 388 et
315 351 369 388 terra
384 360 422 388 sua
437 348 581 395 interdicatur,
593 348 695 397 quamdiu
706 348 807 388 ecclesiae
824 345 943 389 satisfacere

156 414 267 455 distulerit.
283 413 315 453 Oe
330 415 418 454 caeteris
433 425 483 454 vero
497 414 578 453 clericis
593 425 699 453 canonum
718 415 814 453 teneatur
829 410 943 453 sententia.
987 420 988 423 ’

209 479 235 519 V.
252 478 358 525 Quotiens
373 479 449 528 aliquis
464 478 565 519 ecclesiae
580 479 666 519 antistes
677 490 702 518 ex
712 478 751 518 trac
761 479 803 518 vita
814 478 943 527 migraverit,

157 544 210 584 duae
226 544 252 584 de
265 545 392 584 melioribus
407 543 503 591 ejusdem
518 544 620 584 ecclesiae
636 556 739 593 personae
761 544 874 593 eligantur,
890 555 945 592 quae

157 621 189 649 res
204 610 299 659 episcopi
322 609 424 657 defuncti,
440 610 555 658 sicutipse
576 609 718 658 disposuerat,
734 608 827 649 iideliier
848 611 944 655 tractent,

157 678 177 714 et
192 687 246 724 quae
261 674 287 714 ad
303 676 450 724 episcopatum
466 676 571 723 pertinent
581 681 705 714 successuro
721 675 800 723 pastori
811 676 944 714 conservent.

157 739 254 787 Quodsi
275 740 350 788 aliquis
372 743 472 789 tyrannus
494 752 527 780 res
549 740 652 789 episcopii
675 740 758 780 interim
781 740 887 787 invaserit,
910 742 946 779 aut

109 851 110 854 Ἴ
158 807 278 846 violaverit:
295 806 511 846 excommunicationi
526 804 642 853 subiaceat,
658 808 678 845 et
693 804 782 845 ecclesia
797 805 858 849 illaa
873 805 946 845 divino

158 875 225 912 cesset
240 871 321 919 cilicio,
337 875 358 912 et
372 872 466 911 minores
481 871 582 911 ecclesiae
596 873 697 920 tanquam
709 872 769 911 matri
782 871 945 920 compatiantur,

158 949 271 986 quousque
286 937 350 986 digna
365 936 480 977 satisfactio
495 936 643 986 subsequatur.

212 1002 266 1042 xvi.
283 1002 383 1042 lltlonaclri
399 1002 458 1041 nullo
473 1001 540 1042 modo
556 1002 657 1051 recipiant·
672 1002 699 1041 ad
714 1002 853 1051 sepulturam,
870 1003 905 1041 aut
920 1001 946 1041 ad

158 1068 269 1117 quodlibet
284 1068 379 1108 divinum
395 1067 499 1116 officium,
516 1069 720 1113 excommunicatos,
736 1071 772 1107 aut
787 1070 890 1116 raptores,
910 1068 945 1106 aut

161 1134 292 1173 interdictos.

208 1208 277 1244 Mnusi
289 1208 323 1245 ΧΧ
336 1208 371 1245 935
384 1218 409 1245 ss.

536 1333 575 1375 76.

216 1428 274 1475 1100,
290 1427 340 1468 Oct,
356 1426 453 1476 Sutzadus
467 1426 616 1476 Melplaiensis
632 1426 730 1466 Annales
743 1426 893 1467 Beneventani.

216 1517 274 1557 1100.
290 1515 350 1556 Obiit
365 1515 466 1556 Clemens
481 1527 543 1564 papa,
561 1516 660 1555 intrusus.
672 1515 733 1556 Obiit
748 1516 852 1565 Rogerius
867 1528 948 1557 eomes.

161 1582 267 1622 Pascbalis
279 1594 333 1631 papa
344 1581 454 1621 descendit
465 1581 485 1620 in
496 1580 603 1630 Apuliam,
616 1583 636 1621 et
646 1580 696 1621 iecit
706 1581 812 1630 synodum
824 1583 844 1621 in
856 1581 949 1631 Melphia

161 1660 234 1688 mense
256 1646 364 1694 Octobris,
381 1650 401 1687 et
421 1647 613 1687 excommunicavit
635 1647 805 1687 Beneventanum
827 1648 948 1694 civitatem;

161 1717 181 1753 et
196 1714 311 1762 permansit
326 1714 354 1752 ita
369 1713 552 1753 excommunicata
572 1723 656 1752 menses
672 1714 703 1760 ll,
720 1712 766 1753 dies
780 1714 813 1753 21.

209 1787 270 1824 ΜΘΗ
284 1787 350 1833 Script.
364 1787 387 1823 lll
403 1787 442 1823 183.

537 1911 576 1953 77.

217 2007 275 2045 1112.
306 2004 369 2044 Cone.
398 2003 499 2054 Aqiiense
527 1996 742 2053 iilia-en-Provence).
772 2004 951 2055 Arebieniscapus

161 2070 270 2120 Aquensis
284 2071 400 2119 quotannis
414 2071 511 2119 quartam
533 2071 614 2118 partem
628 2070 721 2109 omniurn
736 2071 841 2111 redituum
856 2071 952 2111 ecclesia-

162 2148 208 2176 nun
222 2135 416 2185 archiepiscopatus
431 2135 521 2184 recipere
535 2134 602 2175 debet.

217 2220 252 2260 lll.
268 2220 288 2260 Si
304 2220 352 2269 quis
361 2221 449 2275 ,veroin
460 2219 564 2260 solvendo
580 2222 654 2269 quarta
669 2222 728 2269 parte
743 2221 811 2269 magis
826 2221 952 2262 inobediens

163 2285 260 2333 extiterit,
272 2288 320 2335 post
335 2287 417 2325 tertiam
433 2285 603 2325 admonitionem
618 2285 692 2326 atticio
707 2279 856 2335 suspendatur.
869 2286 889 2327 Si
901 2299 952 2327 vero

164 2354 212 2401 post
226 2352 261 2392 XL
276 2352 321 2393 dies
336 2352 356 2391 in
372 2352 506 2391 contumacia
521 2353 668 2400 permanserit,
680 2354 702 2392 ut
715 2354 822 2401 raptor-ei
837 2353 953 2402 sacrilegus

164 2418 190 2458 ab
201 2418 258 2457 omni
275 2417 350 2458 ordine
365 2417 491 2466 deponatur.
504 2416 610 2457 Ecclesiae
620 2418 683 2457 etiam
695 2418 715 2457 in
726 2417 804 2467 quibus
815 2418 867 2458 baec
878 2418 953 2467 injuria

163 2484 217 2524 lacta
232 2483 301 2532 tuerit,
318 2483 395 2523 divinis
410 2486 494 2523 careant
509 2483 594 2523 officiis.

211 2558 304 2601 Murteae,
317 2558 373 2593 Tlres.
387 2568 430 2593 nov.
444 2567 510 2602 anecp.
524 2557 549 2593 lli
563 2559 612 2593 130s.
628 2557 657 2594 Ct
670 2558 739 2602 Hefele
751 2558 767 2594 V
780 2559 820 2594 322.
836 2558 883 2595 Acta
897 2559 953 2606 hujus

164 2617 244 2653 Concilii
258 2617 362 2653 accuratius
373 2617 432 2653 edidit
443 2616 473 2653 Ul.
483 2616 585 2661 Cnevalier,
596 2616 658 2653 Gallia
668 2616 736 2654 Christ.
746 2618 856 2654 Novissima
871 2619 877 2654 l
892 2617 953 2663 (1890)

167 2678 219 2714 lustr.
233 2689 251 2723 p.
264 2679 275 2712 7
289 2689 306 2713 n.
320 2678 337 2714 d.
