1975 3157
163 118 186 153 34
431 124 559 160 Semproniis,
573 125 683 153 1105101οΕ

161 246 197 285 stri
214 245 294 292 locum,
312 245 413 285 omnibus
429 248 503 294 patens
519 246 633 294 retugium,
657 249 737 285 armata
759 257 832 292 manu,
855 247 952 295 quamvis

163 311 225 351 nullis
241 311 394 358 resistentibus,
411 312 501 350 intrauit.
519 311 603 351 Domus
617 310 695 351 deinde
710 310 872 360 propugnacula
883 312 952 351 cuius-

163 376 212 416 dam
227 377 323 416 canonici
343 378 363 416 et
384 376 485 416 cellerarii
505 377 637 425 praecipitari
661 376 737 416 iniuste
760 376 816 417 lecit.
833 375 900 416 Cuius
922 377 951 416 rei

162 442 268 481 inauditae
283 442 392 481 atrocitate
407 444 427 481 et
442 442 590 490 magnitudine
605 442 701 481 canonici
713 441 850 482 vehementer
859 441 950 491 perculsi

162 510 183 547 et
197 510 271 547 contra
286 507 328 547 boc
343 506 430 554 malum,
447 509 536 554 tantum,
553 509 595 547 tam
611 507 705 548 subitum
721 510 741 548 et
752 508 890 557 insperatum,
900 507 952 557 quid

157 583 242 614 ,novum
257 585 320 622 agere
336 576 423 621 possent
437 573 529 620 solliciti,
545 585 636 622 corpora
654 574 751 623 protinus
775 576 905 621 sanctorum,
931 577 951 614 et

162 639 286 678 crucifixum
301 642 368 679 terrae
384 639 523 688 deponentes,
539 651 604 688 super
613 640 682 688 ipsum
693 639 809 679 beatissimi
821 639 950 679 confessoris

162 704 246 744 Martini
261 705 391 753 sepulcrum,
408 707 428 744 et
447 706 501 744 circa
523 716 614 753 corpora
635 707 757 745 sanctorum
780 707 800 744 et
815 705 948 752 crucifixum,

162 771 234 818 spinas
249 770 401 818 adposuerunt.
418 769 494 810 Portae
510 771 596 818 insuper
611 770 719 818 ecclesiae,
736 771 770 810 die
785 783 809 810 ac
825 773 886 811 nocte
902 782 952 810 con-

163 836 222 875 tinuo
237 835 327 884 clausae,
340 835 481 875 castrensibus
496 836 560 875 etiam
575 847 618 875 non
634 835 798 881 introeuntibus,
817 836 868 875 solis
893 847 951 884 pere-

163 901 229 948 grinis
244 903 337 949 patuere.
354 900 436 940 Consul
452 901 522 948 itaque
538 912 581 939 non
597 901 687 940 multum
704 904 751 949 post
766 901 814 941 lacti
830 902 862 940 sui
879 902 952 950 poeni-

163 968 216 1012 tens,
233 968 252 1005 et
268 965 434 1005 misericordiam
451 977 562 1014 quaerens,
578 968 655 1014 sponte
669 977 707 1005 sua
723 967 743 1005 in
759 965 873 1005 claustrum
896 968 916 1006 et
932 966 951 1005 in

163 1030 252 1070 domum
268 1029 352 1071 Secardi
369 1032 463 1080 magistri
479 1031 600 1071 scholarum
623 1032 687 1079 venit,
711 1032 783 1081 ibique
805 1031 951 1078 discalceatus,

163 1096 225 1136 nudis
241 1096 338 1146 pedibus,
355 1101 375 1137 et
391 1097 478 1146 quidam
503 1109 551 1137 cum
574 1109 600 1137 eo
624 1098 656 1137 sui
681 1109 779 1147 proceres
804 1098 824 1137 in
840 1098 951 1138 ecclesiam

163 1163 271 1202 humiliter
287 1166 430 1212 perrexerunt.
447 1163 542 1203 Primum
565 1167 613 1203 ante
635 1164 690 1203 beati
713 1164 797 1203 Martini
820 1163 950 1211 sepulcrum,

164 1229 214 1268 dato
230 1229 327 1278 pignore,
344 1228 419 1269 consul
435 1228 481 1269 Deo
497 1231 517 1269 et
532 1228 595 1269 beato
611 1229 703 1269 Martino
719 1241 756 1278 per
771 1240 858 1269 manum
870 1229 952 1270 Rainal-

163 1294 184 1334 di
199 1293 360 1342 Andegavensis
375 1294 479 1343 episcopi,
496 1296 516 1334 et
531 1294 648 1343 Hispaniae
664 1293 767 1334 Occensis
782 1295 886 1343 episcopi,
904 1305 951 1342 pro-

164 1360 220 1399 misit
235 1371 257 1398 se
272 1359 323 1399 nibil
339 1360 431 1408 amplius
445 1359 486 1399 tale
501 1360 553 1407 quid
568 1360 684 1399 facturum:
701 1360 778 1399 deinde
798 1363 845 1399 ante
861 1371 951 1408 corpora

163 1428 292 1471 sanctorum,
309 1425 334 1463 ad
350 1425 448 1464 ultimum
464 1427 512 1464 ante
527 1425 650 1464 crucifixum
666 1424 831 1464 salisiactionem
847 1425 904 1463 tecit.

216 1503 318 1549 Maurum,
333 1503 416 1540 Annales
429 1503 453 1540 O.
467 1503 485 1540 S.
499 1504 519 1539 Β.
532 1505 588 1539 Torn.
602 1505 627 1541 lV
641 1504 675 1539 Ltb
689 1505 703 1539 ll
719 1505 753 1540 108
767 1515 784 1540 n.
798 1505 826 1540 41Δ

542 1659 581 1701 20.

217 1797 235 1823 c.
254 1784 312 1823 1008,
327 1783 441 1823 fulbertus
457 1782 609 1824 Carnotensisl
626 1784 656 1823 001
670 1782 815 1833 callicratiam
830 1780 952 1832 (Orle‘uns).

217 1874 281 1914 Fratri
298 1877 318 1913 et
333 1873 471 1922 Coepiscopo
486 1885 525 1913 suo
541 1873 563 1912 f.
581 1872 699 1913 fulbertus.
719 1872 784 1919 Quod
807 1873 833 1913 ad
853 1885 953 1922 praesens

163 1943 256 1980 vestrum
279 1939 379 1987 placitum
402 1950 445 1978 non
467 1938 529 1985 adeo,
553 1939 579 1978 de
602 1939 680 1978 malitia
698 1939 761 1978 liuius
776 1939 879 1986 temporis
895 1942 953 1978 ortae

164 2004 299 2043 ditticultates
314 2004 427 2049 obsistunt,
447 2003 508 2043 vobis
523 2004 663 2052 exponendae
679 2015 716 2052 per
731 2004 807 2043 otium.
830 2003 872 2043 Sed
895 2003 953 2052 quod

164 2080 263 2118 praesens
278 2069 378 2115 dicerem,
396 2080 433 2118 per
447 2067 487 2108 bos
502 2068 573 2117 apices
588 2068 709 2118 significare
724 2069 803 2108 curavi.
822 2067 952 2109 Detensores

163 2135 235 2184 legum
258 2147 345 2184 paucos,
369 2136 530 2184 impugnatores
553 2147 603 2176 vero
626 2135 696 2184 plures
719 2147 765 2176 esse
787 2135 871 2175 videtis.
895 2134 953 2182 Quin

163 2203 226 2242 etiam
242 2202 343 2241 dominus
357 2204 429 2241 noster
445 2201 495 2248 Rex,
512 2202 544 2241 cui
560 2213 669 2241 summum
686 2202 776 2242 iustitiae
791 2204 854 2250 caput
873 2202 954 2241 incum-

219 2378 223 2399 ¹
238 2378 343 2422 Fulbertus,
356 2380 411 2415 natus
424 2379 465 2423 900,
480 2379 542 2417 Remis
558 2378 663 2424 discipulus
680 2377 767 2414 Gerberti
787 2378 826 2422 tuit,
839 2378 915 2414 ,demde
936 2379 955 2414 ut

163 2438 227 2474 studio
241 2439 347 2474 medicinae
360 2440 434 2474 vacaret
447 2437 551 2474 Carnotum
565 2438 621 2483 venit,
636 2437 668 2473 ubi
682 2437 733 2473 brevi
748 2438 837 2483 magister
850 2439 868 2474 et
882 2438 954 2473 cancel-

164 2498 221 2533 larius
234 2498 350 2541 nominatus
365 2498 410 2533 1004
423 2498 516 2533 diaconus
529 2499 547 2533 et
560 2497 664 2533 canonicus
677 2497 743 2540 tactus,
758 2497 804 2533 rouo
817 2499 894 2542 propter
909 2497 955 2532 ami-

163 2557 226 2592 citiam
239 2567 283 2592 cum
297 2557 381 2596 Roberto
394 2567 439 2602 rege
452 2557 554 2602 episcopus
567 2556 691 2592 Carnotensis
704 2556 774 2592 electus
791 2559 823 2600 est,
812 2556 887 2592 tobiit
903 2556 954 2591 1020.

163 2615 192 2651 Ct.
205 2616 228 2651 Α
244 2614 592 2660 13100ναί,001001000113011101
605 2616 629 2652 Vl
643 2616 687 2660 004;
701 2616 714 2651 Ι.
730 2616 858 2660 Griselrnanu,
871 2615 954 2689 lexikon

163 2675 175 2714 l
189 2676 256 2713 Theol.
270 2687 287 2712 u.
302 2676 323 2714 K.
338 2676 362 2713 lV
375 2675 391 2721 (l
395 2675 438 2722 432)
451 2677 495 2720 224;
511 2676 613 2722 0010010οσ
625 2677 640 2712 ll
655 2677 694 2713 105.
