1975 3157
150 181 173 217 56
419 189 547 225 scaieroaes,
561 188 671 217 EPISTOLAE

151 308 268 348 celebretur
283 311 303 348 et
320 308 427 357 sepultura
452 308 556 348 defunctis
579 319 665 357 semper
688 319 736 348 cum
761 307 895 348 absolutione
917 309 937 348 et
983 360 985 372 ;

151 373 300 414 benedictione
315 374 401 422 patefiat
415 376 436 413 et
451 374 564 413 intraturos
579 376 599 413 et
609 374 719 413 audituros
730 374 841 413 missarum
852 373 937 413 sollem-
982 397 984 399 >

152 440 201 487 pnia
216 439 293 479 nullius
309 451 399 488 persone
415 439 548 479 interdictum
567 438 686 488 prohibeat.

198 513 227 551 M.
242 513 336 558 (tauram,
349 512 398 549 Cart.
412 513 436 549 de
449 512 536 558 l’abbaye
549 512 574 549 de
587 512 699 557 St-Victor,
712 523 730 558 p.
743 513 778 549 336
785 523 799 548 s.
813 523 835 548 nr
848 513 888 549 919.

529 646 568 690 53.

205 760 224 788 c.
244 748 302 787 1100.
319 744 450 797 Ooffrid1r3¹
473 746 542 787 Albos
566 746 727 787 vindocinensis
743 743 866 795 lVerzddme)
881 747 940 787 lvorzi

154 813 240 853 Curuot.
981 808 987 833 ἒ

207 896 326 935 paternitati
343 897 431 942 vestrae,
448 897 507 943 pater
521 895 609 943 optime,
626 896 703 943 gratias
714 896 805 944 agimus,
822 896 881 945 quod
896 894 938 935 Co·

154 962 225 1001 mitem
241 960 422 1001 vindocinensem
438 972 476 1010 pro
492 972 555 1000 causa
570 963 641 1000 nostra
657 960 682 1000 ad
698 961 801 1000 rationem
822 961 875 1001 mitti
891 960 939 1000 feci·
983 966 984 969 ’

153 1027 200 1073 stis;
217 1029 237 1066 et
247 1027 296 1075 quia
307 1025 365 1074 quod
377 1026 448 1075 inique
457 1028 557 1075 gesserat,
567 1026 674 1074 corrigere
682 1025 781 1075 neglexit,
791 1025 836 1073 ejus
844 1025 939 1073 castello,

153 1095 173 1131 et
188 1091 266 1131 castelli
289 1091 407 1140 banleugae
431 1091 527 1130 divinum
551 1091 648 1130 officium
672 1091 795 1131 abstulistis.
822 1091 868 1140 lpse
889 1102 940 1130 vero
985 1101 986 1134 ξ

154 1157 214 1196 malis
229 1155 307 1196 addere
323 1157 395 1205 peiora
406 1156 508 1203 minatur;
524 1157 544 1196 et
554 1155 616 1196 vobis
627 1156 775 1203 inoboediens,
788 1168 827 1196 nos
838 1159 858 1196 et
869 1158 940 1196 nostra

154 1221 257 1262 violenter
271 1221 340 1261 adbuc
355 1221 496 1270 persequitur.
513 1220 554 1261 Sed
569 1222 619 1270 quia
634 1221 660 1261 ad
676 1221 717 1261 hoc
732 1221 855 1262 mandatum
871 1233 940 1261 susce·
987 1240 988 1245 =

155 1288 232 1336 pimus,
249 1289 271 1326 ut
285 1298 325 1327 nos
342 1283 412 1334 [nont]
429 1286 554 1326 affectemus
575 1286 648 1326 laudes
668 1287 788 1334 hominurn,
812 1298 851 1326 nec
866 1298 939 1326 eorum
987 1277 988 1280 ¹

155 1353 223 1392 minas
237 1353 361 1398 timeamus;
380 1352 451 1391 divina
473 1363 512 1391 nos
535 1354 660 1401 protegente
682 1351 801 1399 clementia,
824 1354 844 1392 et
859 1355 941 1392 vestrae

154 1418 284 1458 auctoritatis
292 1417 422 1466 suffragante
430 1429 526 1464 censura,
537 1417 557 1456 in
567 1417 670 1465 pressuris
677 1418 832 1457 constantiores
841 1417 940 1457 inveniet.

156 1483 228 1524 Unum
243 1485 314 1523 tamen
329 1482 380 1522 utile
400 1482 469 1529 nobis,
487 1483 553 1522 immo
576 1482 636 1522 valde
658 1483 799 1522 necessarium
823 1485 885 1529 esset,
903 1494 941 1530 pro

155 1561 198 1597 quo
214 1548 283 1595 uobis,
300 1551 399 1597 tanquam
417 1549 468 1597 patri
484 1547 530 1595 filii,
547 1547 654 1587 humiliter
669 1548 821 1597 supplicamus,
838 1550 942 1597 quatenus

155 1626 222 1663 genus
238 1615 328 1662 pietatis,
344 1625 388 1662 quo
404 1615 476 1662 pastor
491 1613 596 1653 Ecclesiae
612 1624 659 1652 cum
676 1614 789 1653 necessitas
811 1614 882 1662 exigit,
905 1613 941 1652 im-

156 1680 203 1729 pius
219 1691 257 1728 pro
273 1679 368 1719 Domino
390 1679 435 1718 fieri
451 1678 525 1725 debet;
548 1676 624 1726 (genus
646 1679 703 1717 enirn
719 1679 802 1727 pictatis
824 1682 862 1725 est,
879 1681 901 1718 ut
916 1678 940 1717 Β.

155 1744 299 1792 Hieronymus
314 1744 372 1791 dicit,
389 1745 478 1793 impium
494 1743 539 1783 fieri
556 1755 594 1792 pro
617 1742 720 1789 Domino)
746 1744 773 1784 ita
789 1744 809 1783 in
825 1743 941 1789 Comitem,

155 1812 174 1849 et
189 1811 210 1849 in
226 1821 312 1849 omnem
328 1812 404 1849 terram
421 1809 487 1858 ipsius
502 1809 560 1849 zelus
570 1811 651 1848 vestrae
660 1809 790 1849 rectitudinis
802 1811 941 1858 propagaret3

154 1877 222 1914 totum
238 1874 336 1915 videlicet
351 1875 396 1923 ejus
411 1873 543 1914 Comitatum
559 1886 571 1913 a
585 1874 663 1914 divinis
678 1873 755 1914 officiis
779 1885 907 1924 segregans;
923 1875 943 1913 et

155 1940 225 1988 ipsum
240 1940 373 1979 districtioris
387 1939 478 1988 justitiae
493 1939 582 1979 vinculis
604 1939 700 1988 alligans,
717 1942 739 1979 ut
754 1940 851 1980 universa
874 1938 941 1988 plebs,

155 2017 209 2054 quae
225 2008 318 2045 nostram
335 2004 431 2051 injuriam
447 2008 468 2044 et
482 2004 527 2051 eius
543 2004 644 2044 malitiam
655 2016 698 2044 non
710 2005 801 2053 ignorat,
813 2008 833 2044 et
843 2005 876 2044 cui
888 2003 944 2043 illius

155 2070 255 2118 iniquitas
270 2070 359 2110 multum
375 2069 480 2118 displicet,
501 2082 540 2109 nec
560 2069 628 2117 major
648 2070 727 2119 justitia
750 2070 878 2119 displiceret,
894 2069 943 2108 hinc

126 2156 129 2160 -
155 2136 267 2175 occasione
278 2138 364 2184 accepta
380 2135 520 2184 proclamaret
528 2136 548 2174 in
564 2147 625 2175 eum:
642 2138 662 2175 et
670 2136 700 2175 sic
709 2136 811 2185 quoniam
821 2135 859 2175 Dei
869 2144 943 2175 amore

155 2200 181 2241 ab
197 2200 273 2248 iniusta
294 2201 377 2241 actione
399 2203 529 2249 spontaneus
551 2212 593 2240 non
616 2201 660 2240 vult
678 2201 786 2248 desistere,
803 2201 896 2241 clamore
918 2199 944 2239 si-

155 2266 199 2306 mul
214 2269 234 2306 et
248 2267 325 2306 timore
340 2266 451 2306 hominurn
467 2265 577 2306 desisteret
592 2267 624 2306 vel
640 2267 724 2307 invitus.
739 2268 793 2307 Nam
809 2266 848 2306 sub
864 2272 944 2316 quanto

203 2370 208 2391 ¹
223 2370 322 2407 Goftridus
336 2371 353 2406 d.
367 2372 387 2406 21
403 2371 452 2417 Aug.
467 2371 512 2407 1993
525 2370 585 2407 abbas
599 2371 708 2407 monasterii
722 2371 754 2408 SS.
768 2371 863 2407 Trinitatis
872 2372 944 2408 Vindo-

155 2430 236 2466 cinensis
250 2431 273 2466 O.
279 2429 297 2466 S.
304 2430 330 2475 ss,
343 2430 402 2466 factus
416 2432 483 2476 postea
496 2431 521 2466 ob
535 2430 657 2466 manifestum
670 2441 715 2476 erga
728 2431 746 2467 S.
760 2430 829 2466 Sedem
844 2431 905 2467 zelum
919 2432 943 2468 ab

156 2489 235 2526 Urbano
249 2490 264 2525 ll
277 2488 383 2526 Cardinalis
396 2491 469 2525 creatus
483 2491 515 2525 est.
529 2488 579 2526 Cum
593 2490 689 2526 Paschalis
704 2491 718 2526 ll
733 2490 844 2526 necessitate
861 2492 942 2536 cogente

135 2545 137 2547 ’
156 2549 270 2585 flenricoV
291 2549 410 2595 privilegium
429 2548 550 2585 investiturae
570 2549 697 2585 concessisset
718 2549 782 2586 libello
805 2549 875 2595 scripto
897 2561 941 2586 eum

155 2608 271 2653 vituperavit.
285 2608 352 2656 Varios
366 2608 446 2653 libellos,
459 2619 564 2652 sermones,
577 2608 667 2654 epistolas
681 2609 761 2654 reliquit.
779 2609 828 2646 Vide
849 2609 946 2646 Manilius

156 2668 180 2703 lll
194 2669 226 2711 5r;
240 2668 264 2703 de
277 2668 362 2713 epistolis
375 2669 393 2703 et
406 2667 473 2704 libellis
486 2678 592 2713 eorumque
606 2668 731 2714 chronologia
739 2668 827 2704 disseruit
836 2669 857 2704 Ε.
867 2668 945 2712 Sackur,

157 2726 222 2763 Neues
236 2727 306 2763 Archiv
319 2728 341 2763 17
355 2726 417 2772 (1892)
431 2728 472 2771 329,
488 2729 509 2763 18
522 2726 585 2773 (1893)
598 2727 639 2764 666.
