1924 3132
273 125 365 154 oecaera
380 125 430 153 aon.
445 124 571 152 nomunculi
806 118 817 151 5

29 243 158 285 mutantibus
169 243 279 284 monachis
290 246 310 284 et
321 244 416 284 divinum
430 243 526 284 cilicium
539 256 601 293 agere
613 246 632 283 et
644 244 756 284 iamdictos
766 255 817 283 suos
848 238 850 240 ’

29 309 139 356 tumulare,
156 321 182 349 eo
197 311 267 349 autem
283 312 392 356 contentu,
404 312 426 349 ut
437 309 490 349 alios
505 309 604 349 homines
619 308 699 357 ubique
715 309 817 358 degentes

28 388 39 415 a
55 375 178 414 Bituricensi
196 375 278 423 presule
294 375 490 414 excommunicatos
506 374 559 414 intra
573 374 677 414 terminos
694 374 816 414 monasterii

29 452 71 480 non
87 440 188 489 recipiant
202 452 241 479 nec
251 441 311 480 vivos
322 452 360 479 nec
371 444 475 487 mortuos,
488 439 525 479 sed
540 440 618 479 clausis
632 440 700 488 januis
716 440 755 489 ipsi
772 451 817 479 mo-

29 504 89 545 nachi
105 505 200 545 Domino
215 507 264 545 vota
279 517 317 545 sua
333 505 461 554 persolvant.

84 586 111 621 W.
127 585 251 629 Wieneraoln,
268 586 365 631 Papsturk.
380 585 399 622 in
418 585 528 621 Frankreich
546 585 607 631 (1910,
625 585 705 630 Beihett)
723 586 745 621 25
759 597 786 621 nr.
802 586 816 620 l.

29 644 154 681 Probabiliter
166 644 283 681 falsificatio!
298 645 320 681 lL
334 665 344 670 -

399 793 442 851 aa.

81 897 191 937 9991003.
203 896 303 937 Silvester
312 897 334 936 II
342 896 441 936 ecclesiae
450 896 575 937 Sanctorum
587 896 685 944 Oervasii
694 899 716 937 et
722 896 818 936 Protesii

29 963 50 1002 in
68 962 168 1002 comitatu
188 961 319 1024 Gabalitono
338 960 461 1010 (Gabolum,
480 962 566 1010 Mende,
585 962 632 1010 dep.
651 961 677 1001 de
694 962 716 1002 lo
733 960 816 1007 Loeere)

28 1027 141 1077 privilegio
156 1026 256 1067 coneedIt.

83 1116 107 1155 Et
125 1118 166 1156 iam
185 1129 210 1155 ex
228 1119 299 1156 nostra
317 1116 444 1156 authoritate
462 1116 503 1156 boc
519 1116 692 1163 contradicimus,
709 1119 731 1156 ut
746 1116 817 1156 nullus

29 1182 143 1231 episcopus
158 1181 229 1222 locum
245 1182 303 1221 iilum
319 1182 395 1222 audeat
411 1182 546 1229 interdicere;
565 1182 624 1231 quod
639 1182 656 1221 si
672 1183 720 1232 quis
735 1182 815 1233 iecerit,

30 1247 98 1287 iaculo
113 1247 269 1287 maledictionis
285 1247 355 1287 divine
371 1247 480 1296 perfossus
495 1247 610 1287 subiaceat.

85 1327 112 1362 W.
129 1326 252 1371 Wiederlzold,
267 1327 364 1373 Papsturk.
377 1327 396 1363 in
411 1315 531 1379 Frankreicb3
550 1328 619 1363 Nachr.
633 1327 650 1363 d.
665 1327 689 1364 G.
706 1327 817 1373 (itittingen,

29 1386 125 1432 phil-hist.
139 1387 167 1425 ΚΙ.
181 1385 243 1432 (1913)
257 1386 330 1422 Beilrelt
343 1387 349 1422 l
363 1387 394 1431 343
412 1387 499 1423 113931.

403 1551 442 1593 90.

85 1656 142 1702 1001,
159 1654 212 1704 Apr.
228 1655 333 1694 Iohannes
347 1654 423 1694 XVIII
435 1656 562 1695 monasterio
573 1655 721 1696 Solmuriensi.
737 1626 819 1700 Roben

29 1723 64 1760 tus
74 1720 141 1761 obbas
150 1721 274 1760 monosterii
283 1720 358 1760 Sancti
366 1720 471 1760 Florentii
477 1720 624 1779 salmurensis
642 1719 817 1766 (saint-Florent-

29 1786 128 1832 Sanmurt
143 1786 223 1831 Romae
236 1785 419 1835 confirmationem
432 1786 511 1834 prioris
524 1786 633 1836 privilegii
646 1786 750 1827 obtinuit:

83 1874 198 1915 Statuimus
209 1875 272 1914 etiam
283 1877 312 1921 ut,
322 1875 338 1914 si
350 1874 436 1914 decreto
447 1875 598 1927 episcoporum
610 1887 677 1924 pagus
689 1876 722 1916 ille
733 1888 817 1916 excom·

30 1940 179 1980 municationis
194 1940 319 1979 sententiam
335 1940 447 1987 exceperit,
464 1939 525 1979 liceat
540 1940 608 1979 eidem
625 1940 731 1980 coenobio
743 1941 818 1980 missas

29 2017 53 2044 ac
67 2004 148 2054 reliqua
165 2016 223 2044 sacra
241 2004 354 2050 celebrare,
373 2016 442 2053 neque
460 2004 486 2044 ab
501 2005 609 2054 episcopis
624 2008 711 2054 propter
725 2005 767 2045 hoc
782 2005 817 2045 ali-

29 2069 88 2118 quod
104 2063 256 2119 praejudicium
272 2070 376 2110 sustinere
391 2072 487 2118 cogatur.
564 2064 569 2070 ’

77 2149 198 2196 Chroniques
213 2150 246 2185 des
254 2149 323 2196 eglises
338 2149 422 2195 d'llnjou
433 2150 454 2194 ll,
463 2150 493 2185 ed.
503 2149 525 2186 P.
534 2151 653 2197 Morenegov
668 2153 687 2187 et
700 2152 722 2187 Ε.
731 2151 817 2196 Mabille,

30 2209 82 2254 Paris
96 2210 147 2254 1869,
161 2221 178 2255 p.
191 2211 226 2252 250
239 2207 322 2254 (Societe
335 2209 359 2244 de
372 2208 467 2245 l’histoire
481 2209 504 2245 de
519 2208 602 2254 france).
617 2211 639 2246 ll.
652 2211 704 2247 3941.

77 2304 133 2340 Nota.
148 2305 201 2341 Haec
210 2304 264 2340 Bulla
274 2304 351 2340 retertur
359 2304 378 2339 in
389 2304 473 2340 Historia
487 2315 538 2340 mon.
552 2305 570 2341 S.
584 2305 673 2341 Florentii
686 2306 817 2350 Salmurensis,

29 2374 78 2409 quae
87 2374 98 2399 a
107 2364 201 2401 Nticliaele
211 2363 297 2410 ejusdem
311 2363 400 2399 coenobii
414 2364 482 2399 abbate
495 2374 544 2400 saec.
554 2365 603 2400 Xlll.
612 2365 689 2401 ineunte
698 2365 767 2411 scripta
776 2376 818 2401 esse

30 2423 102 2459 dicitur.
116 2423 268 2469 Manuscriptum
283 2423 375 2469 originale
391 2423 456 2459 ssullae
471 2426 593 2460 conservatur
607 2424 626 2460 in
642 2424 733 2461 Archives
741 2425 772 2461 du
786 2423 818 2461 de·

30 2485 135 2529 partement
148 2484 172 2520 de
185 2483 346 2521 Maine-et·l.oire.
360 2483 426 2520 Editor
439 2483 520 2519 aitirmat
528 2494 548 2520 se
557 2484 576 2520 in
585 2495 620 2520 sua
629 2484 712 2521 editione
723 2485 819 2521 Historiae

29 2545 102 2579 textum
116 2544 181 2580 Bullae
194 2544 300 2579 secundum
314 2543 412 2589 Originale
425 2543 537 2579 verificasse.
551 2545 562 2579 l.
571 2555 587 2580 c.
600 2555 618 2590 p.
632 2545 667 2580 254
680 2547 731 2581 nota.

78 2604 97 2639 ln
111 2604 178 2640 eadem
193 2603 277 2639 Historia
291 2605 380 2647 narratur,
394 2603 477 2639 eundem
492 2603 595 2642 Robertum
609 2604 698 2640 abbatem
711 2603 819 2649 (985-1011)

30 2663 129 2699 ecclesiam
143 2663 206 2700 Sancti
220 2662 315 2707 lobannis,
329 2662 400 2708 Ligeris
413 2661 485 2708 (loire)
498 2663 552 2699 alveo
565 2663 653 2708 vicinam,
663 2663 737 2700 dudum
750 2675 761 2699 a
774 2675 818 2710 rege
