1924 3132
31 222 816 263 l!lllllull!lllllllllll!lll!l!llllllllllllllllllll!t!llllllllll!ll!lllllllllllllll!llll!!!!!!l!!!l÷!!!!l!!l!!

205 712 333 765 Decreta
354 712 441 767 Rom.
463 712 647 765 Pontificum

406 965 445 1008 78,

84 1065 180 1104 417-418.
195 1064 295 1104 Zosimus
308 1076 373 1113 propa.
391 1064 446 1104 Coll.
465 1063 551 1104 Tauria.

84 1153 138 1202 Cap.
158 1153 173 1193 l.
191 1153 329 1202 Quicumque
349 1153 458 1193 interdicta
479 1153 605 1202 despexerit,
627 1153 716 1202 gradum
737 1154 819 1193 amittat

32 1219 100 1259 donec
115 1219 241 1267 acquiescat.

84 1292 268 1337 Βῆιιξίε-Ηανῐίιιηξ
280 1293 295 1328 ΙΙ
309 1294 320 1328 8
333 1303 360 1328 nr.
374 1295 402 1337 243
417 1293 439 1328 lL
452 1294 487 1328 338
500 1305 517 1328 o.
532 1292 650 1328 Falsilicalio.

407 1415 446 1457 79.

85 1514 180 1555 590-604.
198 1514 315 1564 Gregorius
329 1515 340 1554 Ι
354 1514 473 1554 Childerico
488 1514 534 1564 regi
547 1514 685 1555 Francorum.
705 1514 785 1555 Scribit
798 1526 822 1555 se

32 1581 158 1621 morzosterio
172 1580 195 1621 S.
210 1580 276 1630 Petri,
292 1580 349 1631 quod
365 1581 448 1621 Elnone
463 1581 507 1621 sive
523 1581 660 1621 Nootuocum
676 1579 781 1630 (Nantua,
798 1581 819 1621 d.

31 1645 94 1695 Lpou)
111 1648 202 1696 vocatur,
217 1646 330 1696 privilegio
345 1647 462 1687 concedere.

85 1735 127 1776 Sed
144 1748 213 1785 neque
232 1737 270 1785 ipsi
289 1736 451 1785 archiepiscopo
469 1736 614 1785 lugdunensi,
633 1749 702 1785 neque
723 1736 758 1776 ulli
777 1738 820 1785 epi-

23 1812 99 1850 *scopo
115 1802 263 1849 permittimus,
280 1802 308 1841 illi
325 1801 425 1841 ecclesiae
440 1802 483 1841 vim
499 1803 726 1841 excommunicationis
745 1802 821 1841 inferre

33 1866 75 1905 ullo
91 1866 166 1913 modo.
182 1867 221 1906 nisi
237 1866 355 1919 apostolica
370 1866 531 1906 deliberatione.

85 1940 270 1986 Pslugk-Horttuug
282 1942 306 1976 lll
320 1942 330 1976 3
344 1952 371 1976 nr.
385 1943 401 1985 2,
414 1940 447 1986 qui
460 1941 532 1976 bullam
545 1940 611 1976 falsam
626 1945 672 1977 esse'
681 1942 768 1985 declarat,
781 1941 820 1987 jam

33 2009 54 2033 ea
69 2000 93 2034 de
110 2009 172 2044 causa,
188 1999 232 2045 quia
249 2001 335 2045 tempore
353 1999 441 2045 Gregorii
458 2000 463 2034 l
482 2000 545 2035 nullus
568 2010 601 2035 rex
624 1998 743 2036 childericus
766 2000 821 2044 vixil;

34 2057 55 2093 ll
70 2058 121 2094 1928.

407 2171 446 2213 80.

54 2308 56 2311 ,
86 2270 138 2310 779?
158 2270 199 2310 Leo
216 2270 248 2309 ΙΙΙ
265 2269 366 2310 Cholorto
384 2270 458 2310 abbati
474 2271 599 2310 monasterii
616 2271 638 2311 S.
657 2271 771 2311 Saturnini
789 2270 823 2318 (de

37 2334 168 2383 Tabernoles,
184 2336 249 2376 dioec.
268 2336 341 2385 Urget,
357 2334 470 2385 Hispani.

88 2424 234 2464 Interdicimus
249 2427 328 2470 autem,
342 2427 365 2464 ut
379 2435 443 2464 nemo
458 2425 485 2464 sit
500 2425 535 2473 qui
551 2426 736 2465 excommunicare
752 2426 821 2474 ipsum

34 2489 185 2529 monasterium
201 2488 278 2528 audeat
288 2489 320 2529 vel
331 2489 431 2529 ecclesias
446 2489 464 2528 ei
479 2489 585 2529 subiectas
601 2493 670 2539 preter
683 2503 720 2530 -me
735 2491 767 2530 vel
783 2491 822 2530 hos

34 2554 68 2601 uui
85 2556 133 2603 post
148 2566 182 2594 me
197 2553 283 2594 Christo
299 2554 416 2603 opitulante
432 2555 452 2593 in
468 2555 585 2604 apostolica
600 2556 715 2596 succedent
729 2556 787 2596 sede.

86 2629 138 2664 Paul
150 2629 206 2674 Kelzr,
220 2629 318 2674 Papslurk.
332 2629 351 2664 in
364 2629 448 2675 Spanien
463 2628 531 2675 (1020),
547 2630 560 2664 l.
574 2630 690 2674 Katalanien‚
706 2632 750 2674 2443
768 2630 822 2666 Bulla

34 2696 56 2721 cx
69 2689 108 2724 toto
122 2687 203 2724 conficta
212 2689 245 2723 est.
260 2687 416 2724 falsificationem
426 2690 454 2724 sat
463 2689 560 2735 antiquam
574 2700 615 2725 esse
628 2700 652 2725 ex
666 2701 689 2725 eo
702 2692 759 2736 patet,
769 2691 822 2737 quod
