1975 3157
381 188 475 218 DECRETA
489 188 539 218 Rom.
553 187 681 217 PONTlFlCUM

192 309 340 348 ...auctoritate
362 308 479 357 apostolica
501 307 629 354 inhibemus
648 311 671 348 ut
688 309 709 348 in
726 320 765 348 vos
783 308 816 348 vel
836 308 925 349 clericos

137 375 225 421 vestros,
242 375 277 413 aut
292 374 312 413 in
327 374 427 414 ecclesias
436 376 520 414 *vestras
538 374 765 414 excommunicationis
776 373 808 414 vel
819 374 923 414 interdicti

137 439 262 479 sententiam
273 439 354 488 absque
364 439 475 479 manifesta
485 441 505 479 et
516 439 635 479 rationabili
644 451 706 479 causa
715 440 785 479 nullus
793 439 923 489 promulget.

185 513 336 558 PL4146,1429;
356 514 378 549 IL
397 514 450 550 4492.
469 512 723 558 Documentumspurium,
743 514 811 559 partim
830 524 854 549 ex
873 513 925 549 bulla

137 573 240 609 Alexandri
254 573 277 608 lll
292 573 420 619 desumptum,
434 576 454 609 ut
466 575 519 619 putat
527 573 656 618 Loervenfeld,·
664 575 730 609 contra
738 573 791 615 Kelrr
798 574 879 610 aiiirmat
888 574 925 610 hoc

137 633 222 678 spurium
242 643 291 668 saec.
311 633 352 668 Xlll
372 632 480 669 coniectum
498 644 540 669 esse
558 644 596 678 ope
613 633 722 679 diplomatis
742 633 833 670 Gualterii
854 633 925 669 archie-

138 692 210 738 piscopi
231 692 343 730 Ravennatis
356 704 372 728 a.
387 693 432 728 1128
446 694 464 729 et
477 692 568 746 privilegii
589 692 774 737 Luciillla.1184,
794 693 838 738 Apr.
854 694 882 729 27.
896 692 925 729 Ci.

137 752 194 787 ltalia
207 751 280 796 Pontis.
294 752 310 787 V
324 752 363 787 107.

513 875 567 917 105.

194 967 251 1008 1002.
267 967 389 1007 Alexander
402 967 424 1007 ΙΙ
439 967 527 1016 Tegrino
542 967 639 1017 episcopa
653 969 758 1008 Messana
773 965 888 1016 (Etruria).

192 1056 319 1096 Audivimus
334 1056 458 1105 Hugonem.
475 1054 558 1098 Rad'ulti
574 1057 658 1097 comitis
673 1057 741 1097 tilium
757 1056 872 1097 Dodonem
885 1057 925 1099 Ro-

138 1122 241 1162 sellanum
257 1123 382 1171 episcopum
398 1123 487 1170 cepisse,
503 1123 558 1162 etin
574 1123 694 1172 captionem
706 1123 784 1169 triduo,
797 1122 853 1162 nulla
864 1123 925 1172 culpa

139 1190 281 1236 promerente,
305 1187 422 1227 retinuisse.
439 1187 504 1233 Quod
520 1199 583 1235 quam
600 1188 626 1227 sit
641 1188 730 1237 impium
746 1190 766 1228 et
781 1188 880 1228 humanis
902 1200 925 1228 ac

139 1253 215 1292 divinis
230 1253 314 1301 legibus
329 1253 471 1299 interdictum,
487 1253 585 1293 videlicet
596 1265 682 1293 manum
694 1254 714 1293 in
725 1253 826 1293 christum
838 1253 925 1293 Domini

139 1319 221 1358 mittere
232 1322 252 1357 et
263 1318 364 1367 pupillam
380 1318 436 1358 oculi
448 1317 534 1357 Domini
545 1321 640 1367 tangere,
652 1319 802 1358 fraternitatem
814 1321 871 1358 tuam
883 1330 926 1358 non

138 1383 244 1423 credimus
265 1384 370 1431 ignorare.
387 1383 450 1424 Unde
464 1383 582 1432 apostolica
596 1383 633 1424 tibi
649 1384 773 1423 auctoritate
788 1384 925 1433 precipimus¹

139 1451 161 1488 ut
176 1450 245 1497 ipsum
264 1448 377 1496 Hugonem
393 1449 419 1488 ab
435 1449 493 1488 omni
509 1449 582 1488 divino
597 1449 671 1489 officio
686 1449 827 1496 submoveas„
843 1449 926 1497 sibique

139 1514 282 1563 omnibusque
297 1515 341 1553 suis
356 1514 457 1560 ecclesiis,
469 1526 510 1562 que
526 1514 546 1553 in
561 1517 596 1554 tua
607 1514 692 1563 dyocesi
704 1517 759 1561 sunt,
772 1517 792 1554 et
802 1514 926 1554 ecclesiasti·

139 1591 187 1619 cum
204 1571 343 1619 ministerium
360 1579 479 1619 interdicas.

187 1653 309 1697 Laervenfeld,
323 1654 357 1699 Ep.
371 1653 425 1693 Rom,
440 1654 494 1690 Pont.
507 1654 594 1698 ineditae,
610 1655 640 1698 413
661 1655 683 1690 ll.
702 1655 757 1698 4485;
777 1654 834 1690 ltalia
853 1627 926 1697 Pontis.

140 1713 218 1749 111270.

515 1824 570 1866 106.

195 1917 253 1964 1063,
268 1917 339 1966 April.
355 1918 388 1957 77.
404 1916 526 1956 Alexander
539 1917 561 1956 Il
572 1917 654 1956 clericis
668 1917 767 1957 canonice
778 1917 894 1957 viventibus
904 1917 925 1957 in

140 1983 226 2023 ecclesia
240 1983 263 2023 S.
279 1982 338 2022 Petri
352 1982 373 2021 ia
388 1981 494 2031 agerensi
507 1984 577 2022 castra
592 1980 661 2031 (Ager
670 1983 691 2022 ia
704 1982 826 2030 Cataloaia,
842 1979 927 2032 Hesp).

195 2075 240 2112 ⁴..et
256 2072 306 2111 nulli
322 2072 425 2120 episcopo
440 2072 502 2111 liceat
517 2071 596 2120 pretate
611 2071 700 2111 ecclesie
717 2071 813 2111 divinum
831 2072 927 2111 cilicium

141 2137 254 2187 prohibere
269 2139 304 2176 aut
319 2137 345 2176 de
360 2137 441 2176 clericis
456 2136 535 2176 ibidem
551 2136 734 2176 commorantibus
749 2148 879 2186 quemquam
895 2150 928 2177 ex-

140 2203 299 2243 communicare
314 2204 349 2242 aut
364 2203 395 2242 sui
411 2201 476 2241 oilicii
493 2201 637 2250 prohibitione
657 2201 780 2251 perturbare
795 2206 830 2242 aut
845 2202 928 2250 aliquos

141 2279 203 2308 causa
225 2268 371 2307 conversionis
393 2267 507 2316 penitentie
530 2267 556 2307 ad
579 2279 624 2307 eam
648 2268 756 2307 venientes
778 2267 809 2307 vel
833 2267 927 2307 divinum

141 2333 236 2373 otlicium
259 2333 369 2373 audituros
384 2333 416 2373 vel
432 2332 510 2372 ibidem
534 2344 684 2381 permansuros
699 2333 725 2373 ab
741 2344 764 2373 ea
779 2344 877 2381 separare
894 2335 929 2373 aut

141 2399 266 2439 interdicere
276 2399 308 2438 vel
320 2410 408 2448 quoquo
420 2398 486 2438 modo
496 2398 574 2445 ledere,
587 2399 686 2447 quatinus
697 2398 855 2448 perturbatione
870 2399 928 2438 omni

141 2468 222 2504 remota
238 2465 258 2503 in
268 2463 332 2504 'nullo
347 2464 490 2512 impediantur
507 2465 609 2504 canonice
619 2465 721 2511 viventes,
737 2465 776 2503 nisi
792 2463 854 2511 torte,
870 2464 929 2512 quod

141 2530 202 2576 absit,
219 2532 292 2569 contra
306 2530 408 2569 canonica
426 2530 519 2569 instituta
535 2530 632 2569 insuam
650 2530 776 2578 episcopum
799 2529 878 2577 aliquid
900 2530 929 2568 ta·

141 2596 204 2642 ciant,
221 2595 277 2634 unde
292 2595 333 2635 troc
349 2595 428 2643 perpeti
445 2594 542 2634 debeant.
560 2594 584 2634 Et
599 2595 698 2634 volumus
716 2606 756 2634 nos
771 2598 791 2634 et
806 2596 929 2634 auctoritate

141 2660 288 2709 apostolorum
307 2661 426 2709 principum
439 2660 493 2700 Petri
504 2663 524 2700 et
535 2660 593 2700 Pauli
605 2660 693 2720 tirmiter
704 2659 809 2707 iubemus,
822 2662 843 2699 ul
854 2671 930 2699 omnes

142 2726 241 2765 ecclesias
256 2728 275 2765 et
290 2726 353 2765 cellas
368 2728 388 2765 et
403 2725 475 2774 predia
491 2725 571 2773 pretate
586 2725 674 2765 ecclesie
685 2728 704 2765 et
719 2726 798 2772 omnia,
811 2725 929 2775 quemodo
